day;timestamp;product;bid_price_1;bid_volume_1;bid_price_2;bid_volume_2;bid_price_3;bid_volume_3;ask_price_1;ask_volume_1;ask_price_2;ask_volume_2;ask_price_3;ask_volume_3;mid_price;profit_and_loss
0;0;AMETHYSTS;9998;9;9995;23;;;10005;23;;;;;10001.5;0.0
0;0;STARFRUIT;5036;23;;;;;5043;23;;;;;5039.5;0.0
0;100;AMETHYSTS;10002;1;10000;2;9998;4;10004;1;10005;21;;;10003.0;0.0
0;100;STARFRUIT;5042;1;5039;2;5037;1;5043;22;;;;;5042.5;0.0
0;200;AMETHYSTS;9996;1;9995;21;;;10004;1;10005;21;;;10000.0;2.0
0;200;STARFRUIT;5037;1;5036;21;;;5043;1;5044;21;;;5040.0;2.01611328125
0;300;STARFRUIT;5042;1;5037;26;;;5044;26;;;;;5043.0;1.52978515625
0;300;AMETHYSTS;9995;26;;;;;10005;26;;;;;10000.0;2.0
0;400;AMETHYSTS;9998;8;9996;2;9995;26;10004;2;10005;26;;;10001.0;2.0
0;400;STARFRUIT;5037;28;;;;;5044;28;;;;;5040.5;3.1142578125
0;500;AMETHYSTS;9998;8;9996;1;9995;23;10004;1;10005;23;;;10001.0;2.0
0;500;STARFRUIT;5037;24;;;;;5042;3;5044;24;;;5039.5;2.63671875
0;600;AMETHYSTS;9996;2;9995;28;;;10004;2;10005;28;;;10000.0;2.0
0;600;STARFRUIT;5041;5;5037;30;;;5044;30;;;;;5042.5;3.0361328125
0;700;STARFRUIT;5036;22;;;;;5043;23;;;;;5039.5;9.90234375
0;700;AMETHYSTS;9996;1;9995;22;;;10004;1;10005;22;;;10000.0;2.0
0;800;AMETHYSTS;9996;1;9995;24;;;10000;3;10004;1;10005;24;9998.0;2.0
0;800;STARFRUIT;5036;25;;;;;5039;3;5043;25;;;5037.5;12.76953125
0;900;AMETHYSTS;9996;1;9995;20;;;9998;11;10004;1;10005;20;9997.0;2.0
0;900;STARFRUIT;5036;21;;;;;5043;21;;;;;5039.5;14.4375
0;1000;AMETHYSTS;9996;1;9995;30;;;10004;1;10005;30;;;10000.0;2.0
0;1000;STARFRUIT;5037;1;5036;30;;;5043;31;;;;;5040.0;13.6650390625
0;1100;STARFRUIT;5037;22;;;;;5043;1;5044;21;;;5040.0;12.634765625
0;1100;AMETHYSTS;9996;1;9995;21;;;10002;6;10004;1;10005;21;9999.0;2.0
0;1200;AMETHYSTS;9996;1;9995;22;;;10004;1;10005;22;;;10000.0;2.0
0;1200;STARFRUIT;5036;23;;;;;5037;1;5043;23;;;5036.5;14.0546875
0;1300;AMETHYSTS;10002;1;9995;25;;;10005;25;;;;;10003.5;2.0
0;1300;STARFRUIT;5036;25;;;;;5043;25;;;;;5039.5;17.6171875
0;1400;AMETHYSTS;9995;23;;;;;10000;6;10005;23;;;9997.5;4.0
0;1400;STARFRUIT;5036;23;;;;;5039;6;5043;23;;;5037.5;17.5
0;1500;STARFRUIT;5041;1;5036;21;;;5043;21;;;;;5042.0;19.5546875
0;1500;AMETHYSTS;9996;1;9995;20;;;9998;4;10004;1;10005;20;9997.0;4.0
0;1600;AMETHYSTS;9996;2;9995;28;;;10004;2;10005;28;;;10000.0;4.0
0;1600;STARFRUIT;5037;30;;;;;5043;2;5044;28;;;5040.0;23.46875
0;1700;AMETHYSTS;9995;28;;;;;10005;28;;;;;10000.0;4.0
0;1700;STARFRUIT;5036;28;;;;;5041;8;5043;28;;;5038.5;22.4873046875
0;1800;AMETHYSTS;10000;4;9995;23;;;10002;10;10005;23;;;10001.0;4.0
0;1800;STARFRUIT;5040;4;5036;23;;;5044;23;;;;;5042.0;23.0087890625
0;1900;STARFRUIT;5036;31;;;;;5043;32;;;;;5039.5;23.70556640625
0;1900;AMETHYSTS;9996;2;9995;30;;;10004;2;10005;30;;;10000.0;4.0
0;2000;AMETHYSTS;9996;2;9995;21;;;10004;2;10005;21;;;10000.0;4.0
0;2000;STARFRUIT;5036;23;;;;;5043;23;;;;;5039.5;23.64306640625
0;2100;AMETHYSTS;9996;2;9995;26;;;10004;2;10005;26;;;10000.0;4.0
0;2100;STARFRUIT;5036;28;;;;;5041;5;5043;28;;;5038.5;23.5947265625
0;2200;AMETHYSTS;9996;1;9995;20;;;9998;4;10004;1;10005;20;9997.0;4.0
0;2200;STARFRUIT;5037;4;5036;21;;;5043;21;;;;;5040.0;23.6787109375
0;2300;STARFRUIT;5038;5;5037;24;;;5043;2;5044;22;;;5040.5;22.87109375
0;2300;AMETHYSTS;9996;2;9995;22;;;10004;2;10005;22;;;10000.0;12.0
0;2400;AMETHYSTS;9996;2;9995;20;;;10004;2;10005;20;;;10000.0;12.0
0;2400;STARFRUIT;5037;22;;;;;5043;2;5044;20;;;5040.0;22.876953125
0;2500;AMETHYSTS;9998;3;9996;2;9995;21;10004;2;10005;21;;;10001.0;12.0
0;2500;STARFRUIT;5036;23;;;;;5043;23;;;;;5039.5;23.541015625
0;2600;AMETHYSTS;10002;1;9996;1;9995;29;10004;1;10005;29;;;10003.0;12.0
0;2600;STARFRUIT;5035;30;;;;;5042;30;;;;;5038.5;24.70068359375
0;2700;STARFRUIT;5036;7;5035;23;;;5041;2;5042;21;;;5038.5;24.87353515625
0;2700;AMETHYSTS;9998;7;9996;2;9995;21;10004;2;10005;21;;;10001.0;14.0
0;2800;AMETHYSTS;9995;27;;;;;10005;27;;;;;10000.0;14.0
0;2800;STARFRUIT;5035;27;;;;;5042;27;;;;;5038.5;24.41796875
0;2900;AMETHYSTS;9996;2;9995;20;;;10004;2;10005;20;;;10000.0;14.0
0;2900;STARFRUIT;5035;22;;;;;5042;22;;;;;5038.5;24.5419921875
0;3000;AMETHYSTS;9996;1;9995;29;;;10004;1;10005;29;;;10000.0;14.0
0;3000;STARFRUIT;5040;1;5035;6;5034;29;5041;30;;;;;5040.5;25.21435546875
0;3100;STARFRUIT;5035;1;5034;27;;;5041;28;;;;;5038.0;27.2666015625
0;3100;AMETHYSTS;9998;5;9996;1;9995;27;10004;1;10005;27;;;10001.0;14.0
0;3200;STARFRUIT;5035;24;;;;;5038;5;5042;24;;;5036.5;26.607421875
0;3200;AMETHYSTS;10002;2;9995;24;;;10005;24;;;;;10003.5;14.0
0;3300;AMETHYSTS;10002;1;9996;1;9995;24;10004;1;10005;24;;;10003.0;18.0
0;3300;STARFRUIT;5034;25;;;;;5041;25;;;;;5037.5;27.740234375
0;3400;STARFRUIT;5034;29;;;;;5041;29;;;;;5037.5;27.8017578125
0;3400;AMETHYSTS;9998;10;9996;2;9995;27;10004;2;10005;27;;;10001.0;14.0
0;3500;STARFRUIT;5034;26;;;;;5041;26;;;;;5037.5;27.703125
0;3500;AMETHYSTS;9995;26;;;;;10002;10;10005;26;;;9998.5;14.0
0;3600;STARFRUIT;5034;27;;;;;5041;27;;;;;5037.5;28.0390625
0;3600;AMETHYSTS;9995;27;;;;;10002;8;10005;27;;;9998.5;14.0
0;3700;AMETHYSTS;9998;3;9995;25;;;10005;25;;;;;10001.5;14.0
0;3700;STARFRUIT;5034;25;;;;;5041;25;;;;;5037.5;27.3203125
0;3800;STARFRUIT;5034;24;;;;;5039;7;5041;24;;;5036.5;27.57421875
0;3800;AMETHYSTS;9995;24;;;;;10005;24;;;;;10000.0;14.0
0;3900;STARFRUIT;5035;1;5034;26;;;5040;2;5041;24;;;5037.5;28.6904296875
0;3900;AMETHYSTS;9996;2;9995;24;;;10004;2;10005;24;;;10000.0;14.0
0;4000;STARFRUIT;5034;30;;;;;5041;31;;;;;5037.5;28.1982421875
0;4000;AMETHYSTS;10002;1;9996;1;9995;30;10004;1;10005;30;;;10003.0;14.0
0;4100;AMETHYSTS;10000;5;9996;2;9995;22;10002;4;10004;2;10005;22;10001.0;16.0
0;4100;STARFRUIT;5037;5;5035;2;5034;22;5041;24;;;;;5039.0;27.056640625
0;4200;STARFRUIT;5034;29;;;;;5039;7;5041;29;;;5036.5;28.25390625
0;4200;AMETHYSTS;10002;5;9996;1;9995;28;10004;1;10005;28;;;10003.0;8.0
0;4300;STARFRUIT;5034;26;;;;;5036;2;5041;26;;;5035.0;27.0654296875
0;4300;AMETHYSTS;9995;26;;;;;10002;8;10005;26;;;9998.5;18.0
0;4400;STARFRUIT;5035;28;;;;;5042;28;;;;;5038.5;31.0
0;4400;AMETHYSTS;9995;28;;;;;10005;28;;;;;10000.0;-6.0
0;4500;AMETHYSTS;9995;26;;;;;10005;26;;;;;10000.0;-6.0
0;4500;STARFRUIT;5035;26;;;;;5040;8;5042;26;;;5037.5;31.0
0;4600;STARFRUIT;5035;21;;;;;5040;3;5042;21;;;5037.5;31.0
0;4600;AMETHYSTS;9995;21;;;;;10005;21;;;;;10000.0;-6.0
0;4700;STARFRUIT;5034;26;;;;;5041;26;;;;;5037.5;31.0
0;4700;AMETHYSTS;9998;5;9995;26;;;10005;26;;;;;10001.5;-6.0
0;4800;STARFRUIT;5039;1;5035;7;5034;23;5041;23;;;;;5040.0;31.0
0;4800;AMETHYSTS;9996;1;9995;22;;;10004;1;10005;22;;;10000.0;-6.0
0;4900;AMETHYSTS;9996;2;9995;22;;;10004;2;10005;22;;;10000.0;-6.0
0;4900;STARFRUIT;5033;24;;;;;5038;6;5040;24;;;5035.5;33.3544921875
0;5000;STARFRUIT;5033;6;5032;30;;;5039;31;;;;;5036.0;21.462890625
0;5000;AMETHYSTS;9998;9;9996;1;9995;30;10004;1;10005;30;;;10001.0;-6.0
0;5100;STARFRUIT;5032;26;;;;;5039;26;;;;;5035.5;21.234375
0;5100;AMETHYSTS;9995;26;;;;;10005;26;;;;;10000.0;-6.0
0;5200;STARFRUIT;5035;5;5033;8;5032;23;5039;25;;;;;5037.0;21.11328125
0;5200;AMETHYSTS;10000;5;9998;7;9996;2;10004;2;10005;23;;;10002.0;-6.0
0;5300;AMETHYSTS;9995;22;;;;;9998;12;10005;22;;;9996.5;-6.0
0;5300;STARFRUIT;5032;22;;;;;5039;22;;;;;5035.5;19.6015625
0;5400;STARFRUIT;5032;30;;;;;5039;30;;;;;5035.5;20.7421875
0;5400;AMETHYSTS;9995;30;;;;;10005;30;;;;;10000.0;-6.0
0;5500;AMETHYSTS;9996;1;9995;28;;;10004;1;10005;28;;;10000.0;-6.0
0;5500;STARFRUIT;5032;29;;;;;5033;8;5039;29;;;5032.5;20.56640625
0;5600;AMETHYSTS;9998;2;9996;2;9995;23;10004;2;10005;23;;;10001.0;-2.0
0;5600;STARFRUIT;5032;25;;;;;5038;2;5039;23;;;5035.0;33.83203125
0;5700;AMETHYSTS;9996;1;9995;30;;;10004;1;10005;30;;;10000.0;-2.0
0;5700;STARFRUIT;5032;3;5031;31;;;5038;31;;;;;5035.0;26.3671875
0;5800;STARFRUIT;5031;30;;;;;5038;30;;;;;5034.5;28.41796875
0;5800;AMETHYSTS;9996;2;9995;28;;;10004;2;10005;28;;;10000.0;-2.0
0;5900;AMETHYSTS;9996;2;9995;21;;;10004;2;10005;21;;;10000.0;-2.0
0;5900;STARFRUIT;5031;23;;;;;5038;23;;;;;5034.5;29.93359375
0;6000;AMETHYSTS;9995;30;;;;;10002;10;10005;30;;;9998.5;-2.0
0;6000;STARFRUIT;5031;30;;;;;5038;30;;;;;5034.5;28.58984375
0;6100;AMETHYSTS;9996;1;9995;24;;;10004;1;10005;24;;;10000.0;-2.0
0;6100;STARFRUIT;5031;25;;;;;5037;1;5038;24;;;5034.0;21.06640625
0;6200;STARFRUIT;5036;1;5031;30;;;5038;30;;;;;5037.0;23.2109375
0;6200;AMETHYSTS;9998;3;9996;1;9995;29;10004;1;10005;29;;;10001.0;-2.0
0;6300;AMETHYSTS;9995;22;;;;;10005;22;;;;;10000.0;-2.0
0;6300;STARFRUIT;5030;22;;;;;5037;22;;;;;5033.5;17.53515625
0;6400;AMETHYSTS;9996;1;9995;23;;;10002;6;10004;1;10005;23;9999.0;-2.0
0;6400;STARFRUIT;5030;24;;;;;5036;1;5037;23;;;5033.0;11.765625
0;6500;AMETHYSTS;9995;22;;;;;10005;22;;;;;10000.0;-2.0
0;6500;STARFRUIT;5029;22;;;;;5036;22;;;;;5032.5;9.671875
0;6600;STARFRUIT;5030;29;;;;;5031;7;5036;2;5037;27;5030.5;12.02734375
0;6600;AMETHYSTS;9996;2;9995;27;;;10004;2;10005;27;;;10000.0;-2.0
0;6700;AMETHYSTS;9996;1;9995;30;;;10004;1;10005;30;;;10000.0;-2.0
0;6700;STARFRUIT;5030;1;5029;30;;;5034;7;5036;31;;;5032.0;8.7734375
0;6800;AMETHYSTS;10000;5;9996;2;9995;29;10004;2;10005;29;;;10002.0;-2.0
0;6800;STARFRUIT;5033;4;5030;31;;;5037;31;;;;;5035.0;13.78125
0;6900;AMETHYSTS;9996;2;9995;27;;;10004;2;10005;27;;;10000.0;-2.0
0;6900;STARFRUIT;5030;29;;;;;5035;3;5037;29;;;5032.5;12.86328125
0;7000;STARFRUIT;5030;8;5029;30;;;5036;31;;;;;5033.0;8.33203125
0;7000;AMETHYSTS;9996;1;9995;30;;;10004;1;10005;30;;;10000.0;-2.0
0;7100;AMETHYSTS;9996;1;9995;30;;;9998;5;10002;7;10004;1;9997.0;-2.0
0;7100;STARFRUIT;5030;1;5029;30;;;5036;31;;;;;5033.0;8.4375
0;7200;AMETHYSTS;9996;1;9995;22;;;10002;1;10004;1;10005;22;9999.0;-2.0
0;7200;STARFRUIT;5031;6;5030;23;;;5036;1;5037;22;;;5033.5;11.453125
0;7300;AMETHYSTS;9996;1;9995;25;;;10004;1;10005;25;;;10000.0;6.0
0;7300;STARFRUIT;5030;26;;;;;5036;1;5037;25;;;5033.0;10.34375
0;7400;STARFRUIT;5030;22;;;;;5037;22;;;;;5033.5;11.52734375
0;7400;AMETHYSTS;10002;1;9995;22;;;10005;22;;;;;10003.5;6.0
0;7500;AMETHYSTS;9995;29;;;;;10005;29;;;;;10000.0;8.0
0;7500;STARFRUIT;5030;29;;;;;5035;3;5037;29;;;5032.5;16.65625
0;7600;AMETHYSTS;10002;1;9995;27;;;10005;27;;;;;10003.5;8.0
0;7600;STARFRUIT;5031;27;;;;;5038;27;;;;;5034.5;20.2421875
0;7700;STARFRUIT;5030;26;;;;;5037;26;;;;;5033.5;15.7578125
0;7700;AMETHYSTS;9996;1;9995;25;;;10002;5;10004;1;10005;25;9999.0;10.0
0;7800;AMETHYSTS;9995;23;;;;;10005;23;;;;;10000.0;10.0
0;7800;STARFRUIT;5031;1;5030;23;;;5037;23;;;;;5034.0;15.9609375
0;7900;AMETHYSTS;9996;2;9995;22;;;10002;7;10004;2;10005;22;9999.0;10.0
0;7900;STARFRUIT;5030;24;;;;;5037;24;;;;;5033.5;13.57421875
0;8000;AMETHYSTS;10000;3;9996;2;9995;28;10004;2;10005;28;;;10002.0;10.0
0;8000;STARFRUIT;5036;1;5033;3;5031;2;5037;30;;;;;5036.5;17.32421875
0;8100;STARFRUIT;5030;25;;;;;5037;25;;;;;5033.5;19.46875
0;8100;AMETHYSTS;9995;25;;;;;10005;25;;;;;10000.0;10.0
0;8200;AMETHYSTS;9996;2;9995;25;;;10004;2;10005;25;;;10000.0;10.0
0;8200;STARFRUIT;5030;27;;;;;5037;27;;;;;5033.5;18.12109375
0;8300;AMETHYSTS;9998;9;9995;28;;;10005;28;;;;;10001.5;10.0
0;8300;STARFRUIT;5030;28;;;;;5037;28;;;;;5033.5;19.08203125
0;8400;AMETHYSTS;9998;5;9995;29;;;10005;29;;;;;10001.5;10.0
0;8400;STARFRUIT;5031;29;;;;;5038;29;;;;;5034.5;21.4375
0;8500;STARFRUIT;5032;8;5031;27;;;5037;2;5038;25;;;5034.5;20.7890625
0;8500;AMETHYSTS;9996;2;9995;25;;;10004;2;10005;25;;;10000.0;10.0
0;8600;AMETHYSTS;9996;2;9995;27;;;10004;2;10005;27;;;10000.0;10.0
0;8600;STARFRUIT;5031;29;;;;;5037;2;5038;27;;;5034.0;20.203125
0;8700;AMETHYSTS;9996;2;9995;22;;;10004;2;10005;22;;;10000.0;10.0
0;8700;STARFRUIT;5035;1;5031;8;5030;24;5037;24;;;;;5036.0;15.49609375
0;8800;AMETHYSTS;9996;1;9995;30;;;10004;1;10005;30;;;10000.0;10.0
0;8800;STARFRUIT;5030;31;;;;;5037;31;;;;;5033.5;17.953125
0;8900;STARFRUIT;5031;2;5030;26;;;5037;26;;;;;5034.0;16.65625
0;8900;AMETHYSTS;9995;26;;;;;10005;26;;;;;10000.0;10.0
0;9000;AMETHYSTS;9995;23;;;;;10005;23;;;;;10000.0;10.0
0;9000;STARFRUIT;5030;23;;;;;5037;23;;;;;5033.5;16.037109375
0;9100;AMETHYSTS;9995;22;;;;;9998;1;10005;22;;;9996.5;10.0
0;9100;STARFRUIT;5030;5;5029;22;;;5036;22;;;;;5033.0;14.220703125
0;9200;AMETHYSTS;9996;2;9995;25;;;10004;2;10005;25;;;10000.0;12.0
0;9200;STARFRUIT;5030;5;5029;25;;;5036;27;;;;;5033.0;14.783203125
0;9300;STARFRUIT;5030;1;5029;29;;;5036;30;;;;;5033.0;14.525390625
0;9300;AMETHYSTS;10002;11;9998;1;9996;1;10004;1;10005;29;;;10003.0;12.0
0;9400;AMETHYSTS;10002;1;9996;2;9995;28;10004;2;10005;28;;;10003.0;34.0
0;9400;STARFRUIT;5031;3;5030;30;;;5036;2;5037;28;;;5033.5;16.359375
0;9500;AMETHYSTS;10002;1;9996;2;9995;24;10004;2;10005;24;;;10003.0;30.0
0;9500;STARFRUIT;5030;2;5029;24;;;5036;26;;;;;5033.0;14.29296875
0;9600;AMETHYSTS;9996;1;9995;20;;;10002;6;10004;1;10005;20;9999.0;26.0
0;9600;STARFRUIT;5029;21;;;;;5036;21;;;;;5032.5;13.015625
0;9700;STARFRUIT;5029;31;;;;;5032;5;5034;5;5036;31;5030.5;12.41015625
0;9700;AMETHYSTS;9996;1;9995;30;;;10000;4;10004;1;10005;30;9998.0;8.0
0;9800;AMETHYSTS;9998;1;9996;2;9995;24;10004;2;10005;24;;;10001.0;8.0
0;9800;STARFRUIT;5029;26;;;;;5036;26;;;;;5032.5;15.01953125
0;9900;AMETHYSTS;9995;24;;;;;10005;24;;;;;10000.0;8.0
0;9900;STARFRUIT;5029;24;;;;;5036;24;;;;;5032.5;12.91015625
0;10000;AMETHYSTS;9995;27;;;;;10005;27;;;;;10000.0;8.0
0;10000;STARFRUIT;5029;27;;;;;5036;27;;;;;5032.5;12.96875
0;10100;STARFRUIT;5028;21;;;;;5033;5;5035;21;;;5030.5;6.0625
0;10100;AMETHYSTS;10002;4;9996;1;9995;20;10004;1;10005;20;;;10003.0;8.0
0;10200;AMETHYSTS;9995;20;;;;;10005;20;;;;;10000.0;16.0
0;10200;STARFRUIT;5028;20;;;;;5035;20;;;;;5031.5;6.33203125
0;10300;AMETHYSTS;9996;1;9995;24;;;10004;1;10005;24;;;10000.0;16.0
0;10300;STARFRUIT;5030;5;5029;25;;;5035;1;5036;24;;;5032.5;9.7265625
0;10400;AMETHYSTS;9995;25;;;;;10005;25;;;;;10000.0;16.0
0;10400;STARFRUIT;5029;25;;;;;5036;25;;;;;5032.5;10.37109375
0;10500;STARFRUIT;5030;8;5029;26;;;5037;26;;;;;5033.5;19.9375
0;10500;AMETHYSTS;9995;26;;;;;10005;26;;;;;10000.0;16.0
0;10600;AMETHYSTS;9995;20;;;;;10005;20;;;;;10000.0;16.0
0;10600;STARFRUIT;5034;3;5029;20;;;5036;20;;;;;5035.0;14.2578125
0;10700;AMETHYSTS;9995;24;;;;;9998;3;10005;24;;;9996.5;16.0
0;10700;STARFRUIT;5030;7;5029;24;;;5036;24;;;;;5033.0;15.1796875
0;10800;AMETHYSTS;9995;23;;;;;10002;1;10005;23;;;9998.5;22.0
0;10800;STARFRUIT;5030;6;5029;23;;;5036;23;;;;;5033.0;15.55859375
0;10900;STARFRUIT;5029;1;5028;22;;;5031;6;5035;23;;;5030.0;14.48828125
0;10900;AMETHYSTS;9996;1;9995;22;;;10000;6;10004;1;10005;22;9998.0;22.0
0;11000;AMETHYSTS;9996;1;9995;26;;;10004;1;10005;26;;;10000.0;22.0
0;11000;STARFRUIT;5028;27;;;;;5033;2;5035;27;;;5030.5;11.21875
0;11100;AMETHYSTS;9996;1;9995;30;;;10002;1;10004;1;10005;30;9999.0;22.0
0;11100;STARFRUIT;5029;1;5028;31;;;5034;1;5035;30;;;5031.5;9.515625
0;11200;AMETHYSTS;9996;2;9995;28;;;10004;2;10005;28;;;10000.0;22.0
0;11200;STARFRUIT;5028;2;5027;28;;;5032;5;5034;30;;;5030.0;3.984375
0;11300;STARFRUIT;5027;27;;;;;5034;27;;;;;5030.5;0.28125
0;11300;AMETHYSTS;9996;2;9995;25;;;10002;2;10004;2;10005;25;9999.0;22.0
0;11400;AMETHYSTS;9995;30;;;;;10005;30;;;;;10000.0;22.0
0;11400;STARFRUIT;5027;30;;;;;5034;30;;;;;5030.5;-2.875
0;11500;AMETHYSTS;9996;1;9995;28;;;10004;1;10005;28;;;10000.0;22.0
0;11500;STARFRUIT;5027;29;;;;;5032;5;5034;29;;;5029.5;2.90625
0;11600;AMETHYSTS;9996;2;9995;22;;;10004;2;10005;22;;;10000.0;22.0
0;11600;STARFRUIT;5027;24;;;;;5032;7;5034;24;;;5029.5;1.015625
0;11700;STARFRUIT;5029;4;5027;2;5026;20;5033;22;;;;;5031.0;-9.5703125
0;11700;AMETHYSTS;10000;4;9996;2;9995;20;10004;2;10005;20;;;10002.0;22.0
0;11800;AMETHYSTS;9998;10;9996;1;9995;21;10004;1;10005;21;;;10001.0;22.0
0;11800;STARFRUIT;5026;22;;;;;5033;22;;;;;5029.5;-14.28125
0;11900;AMETHYSTS;10002;1;10000;4;9998;1;10004;1;10005;22;;;10003.0;22.0
0;11900;STARFRUIT;5028;4;5026;1;5025;22;5032;23;;;;;5030.0;-24.2734375
0;12000;STARFRUIT;5025;28;;;;;5032;28;;;;;5028.5;-28.8515625
0;12000;AMETHYSTS;9996;1;9995;27;;;10004;1;10005;27;;;10000.0;24.0
0;12100;STARFRUIT;5026;2;5025;23;;;5032;25;;;;;5029.0;-22.9296875
0;12100;AMETHYSTS;9996;2;9995;23;;;9998;8;10004;2;10005;23;9997.0;24.0
0;12200;STARFRUIT;5025;25;;;;;5032;25;;;;;5028.5;-24.484375
0;12200;AMETHYSTS;9996;2;9995;23;;;10004;2;10005;23;;;10000.0;24.0
0;12300;AMETHYSTS;9996;1;9995;24;;;10002;3;10004;1;10005;24;9999.0;24.0
0;12300;STARFRUIT;5026;5;5025;24;;;5032;25;;;;;5029.0;-22.5546875
0;12400;STARFRUIT;5026;29;;;;;5033;29;;;;;5029.5;-18.1796875
0;12400;AMETHYSTS;10002;1;9998;5;9995;29;10005;29;;;;;10003.5;24.0
0;12500;STARFRUIT;5029;3;5026;23;;;5033;23;;;;;5031.0;-16.515625
0;12500;AMETHYSTS;10000;3;9996;1;9995;22;10004;1;10005;22;;;10002.0;26.0
0;12600;STARFRUIT;5029;4;5026;26;;;5033;26;;;;;5031.0;-15.71875
0;12600;AMETHYSTS;10000;4;9995;26;;;10005;26;;;;;10002.5;26.0
0;12700;AMETHYSTS;10002;1;9996;1;9995;27;10004;1;10005;27;;;10003.0;26.0
0;12700;STARFRUIT;5027;28;;;;;5034;28;;;;;5030.5;-3.3203125
0;12800;STARFRUIT;5030;4;5027;30;;;5034;30;;;;;5032.0;-0.5
0;12800;AMETHYSTS;10000;4;9996;2;9995;28;10002;9;10004;2;10005;28;10001.0;22.0
0;12900;STARFRUIT;5027;23;;;;;5032;2;5034;23;;;5029.5;-0.875
0;12900;AMETHYSTS;9996;2;9995;21;;;10002;4;10004;2;10005;21;9999.0;22.0
0;13000;STARFRUIT;5027;32;;;;;5034;32;;;;;5030.5;1.4296875
0;13000;AMETHYSTS;9996;2;9995;30;;;10002;2;10004;2;10005;30;9999.0;22.0
0;13100;AMETHYSTS;9995;21;;;;;10000;2;10005;21;;;9997.5;22.0
0;13100;STARFRUIT;5028;21;;;;;5031;2;5035;21;;;5029.5;8.171875
0;13200;STARFRUIT;5033;1;5029;7;5028;31;5035;31;;;;;5034.0;11.25
0;13200;AMETHYSTS;9998;9;9996;2;9995;29;10004;2;10005;29;;;10001.0;22.0
0;13300;STARFRUIT;5028;23;;;;;5035;23;;;;;5031.5;15.7734375
0;13300;AMETHYSTS;10002;2;9996;1;9995;22;10004;1;10005;22;;;10003.0;4.0
0;13400;STARFRUIT;5028;26;;;;;5035;26;;;;;5031.5;15.8046875
0;13400;AMETHYSTS;9995;26;;;;;10005;26;;;;;10000.0;8.0
0;13500;AMETHYSTS;9996;1;9995;24;;;10004;1;10005;24;;;10000.0;8.0
0;13500;STARFRUIT;5028;25;;;;;5035;25;;;;;5031.5;13.140625
0;13600;STARFRUIT;5028;26;;;;;5033;3;5035;26;;;5030.5;16.5078125
0;13600;AMETHYSTS;9996;2;9995;24;;;10002;6;10004;2;10005;24;9999.0;8.0
0;13700;STARFRUIT;5028;28;;;;;5035;28;;;;;5031.5;19.5625
0;13700;AMETHYSTS;10002;1;9995;28;;;10005;28;;;;;10003.5;8.0
0;13800;STARFRUIT;5028;23;;;;;5035;23;;;;;5031.5;21.16796875
0;13800;AMETHYSTS;9998;1;9995;23;;;10005;23;;;;;10001.5;10.0
0;13900;AMETHYSTS;9996;1;9995;20;;;10004;1;10005;20;;;10000.0;10.0
0;13900;STARFRUIT;5029;21;;;;;5031;3;5036;21;;;5030.0;29.453125
0;14000;STARFRUIT;5030;3;5029;28;;;5036;29;;;;;5033.0;38.8203125
0;14000;AMETHYSTS;10002;6;9998;1;9996;1;10004;1;10005;28;;;10003.0;10.0
0;14100;STARFRUIT;5029;22;;;;;5036;22;;;;;5032.5;36.2890625
0;14100;AMETHYSTS;9996;2;9995;20;;;10002;4;10004;2;10005;20;9999.0;22.0
0;14200;STARFRUIT;5029;21;;;;;5036;21;;;;;5032.5;33.171875
0;14200;AMETHYSTS;9995;21;;;;;10005;21;;;;;10000.0;14.0
0;14300;AMETHYSTS;9996;1;9995;21;;;10004;1;10005;21;;;10000.0;14.0
0;14300;STARFRUIT;5029;1;5028;21;;;5035;22;;;;;5032.0;23.84375
0;14400;STARFRUIT;5029;22;;;;;5036;23;;;;;5032.5;31.859375
0;14400;AMETHYSTS;10002;4;9996;2;9995;21;10004;2;10005;21;;;10003.0;14.0
0;14500;AMETHYSTS;9996;1;9995;28;;;10002;10;10004;1;10005;28;9999.0;22.0
0;14500;STARFRUIT;5029;29;;;;;5034;6;5036;29;;;5031.5;31.65625
0;14600;AMETHYSTS;9996;1;9995;27;;;10004;1;10005;27;;;10000.0;2.0
0;14600;STARFRUIT;5029;1;5028;27;;;5030;3;5035;1;5036;27;5029.5;24.7578125
0;14700;AMETHYSTS;9996;1;9995;23;;;10004;1;10005;23;;;10000.0;2.0
0;14700;STARFRUIT;5029;24;;;;;5034;2;5035;1;5036;23;5031.5;32.0234375
0;14800;STARFRUIT;5029;1;5028;30;;;5033;3;5035;31;;;5031.0;28.0
0;14800;AMETHYSTS;9996;1;9995;30;;;9998;1;10004;1;10005;30;9997.0;2.0
0;14900;AMETHYSTS;9996;1;9995;25;;;10002;1;10004;1;10005;25;9999.0;4.0
0;14900;STARFRUIT;5032;4;5028;26;;;5035;26;;;;;5033.5;17.75
0;15000;AMETHYSTS;9996;2;9995;25;;;10004;2;10005;25;;;10000.0;4.0
0;15000;STARFRUIT;5029;6;5028;25;;;5035;27;;;;;5032.0;30.5703125
0;15100;AMETHYSTS;9996;1;9995;20;;;9998;1;10004;1;10005;20;9997.0;4.0
0;15100;STARFRUIT;5028;21;;;;;5035;21;;;;;5031.5;22.125
0;15200;STARFRUIT;5031;4;5029;4;5028;23;5035;23;;;;;5033.0;25.40625
0;15200;AMETHYSTS;10000;4;9996;2;9995;21;10002;4;10004;2;10005;21;10001.0;6.0
0;15300;AMETHYSTS;9996;2;9995;22;;;10002;7;10004;2;10005;22;9999.0;6.0
0;15300;STARFRUIT;5028;2;5027;22;;;5033;6;5034;2;5035;22;5030.5;16.0390625
0;15400;AMETHYSTS;9995;30;;;;;10005;30;;;;;10000.0;6.0
0;15400;STARFRUIT;5027;30;;;;;5034;30;;;;;5030.5;12.78125
0;15500;AMETHYSTS;9995;25;;;;;9998;11;10005;25;;;9996.5;6.0
0;15500;STARFRUIT;5028;25;;;;;5035;25;;;;;5031.5;16.4453125
0;15600;STARFRUIT;5028;23;;;;;5034;1;5035;22;;;5031.0;16.8046875
0;15600;AMETHYSTS;9996;1;9995;22;;;10004;1;10005;22;;;10000.0;6.0
0;15700;AMETHYSTS;9996;2;9995;28;;;10004;2;10005;28;;;10000.0;6.0
0;15700;STARFRUIT;5028;30;;;;;5033;1;5034;2;5035;28;5030.5;17.34375
0;15800;AMETHYSTS;9998;6;9996;2;9995;26;10004;2;10005;26;;;10001.0;6.0
0;15800;STARFRUIT;5029;4;5028;28;;;5035;28;;;;;5032.0;26.8984375
0;15900;AMETHYSTS;9996;1;9995;20;;;10002;8;10004;1;10005;20;9999.0;6.0
0;15900;STARFRUIT;5029;1;5028;20;;;5030;3;5035;21;;;5029.5;29.0625
0;16000;STARFRUIT;5029;22;;;;;5034;4;5036;22;;;5031.5;41.5234375
0;16000;AMETHYSTS;9996;2;9995;20;;;10004;2;10005;20;;;10000.0;6.0
0;16100;AMETHYSTS;9996;1;9995;26;;;10004;1;10005;26;;;10000.0;6.0
0;16100;STARFRUIT;5029;27;;;;;5031;2;5034;8;5036;27;5030.0;47.1328125
0;16200;AMETHYSTS;9995;27;;;;;10002;4;10005;27;;;9998.5;6.0
0;16200;STARFRUIT;5029;26;;;;;5036;27;;;;;5032.5;38.140625
0;16300;AMETHYSTS;9996;1;9995;21;;;10004;1;10005;21;;;10000.0;6.0
0;16300;STARFRUIT;5029;22;;;;;5036;22;;;;;5032.5;41.765625
0;16400;AMETHYSTS;9996;2;9995;25;;;10002;6;10004;2;10005;25;9999.0;10.0
0;16400;STARFRUIT;5028;27;;;;;5033;7;5035;27;;;5030.5;32.6484375
0;16500;AMETHYSTS;9995;22;;;;;10005;22;;;;;10000.0;10.0
0;16500;STARFRUIT;5028;22;;;;;5033;1;5035;22;;;5030.5;19.7734375
0;16600;AMETHYSTS;9995;26;;;;;10005;26;;;;;10000.0;10.0
0;16600;STARFRUIT;5029;7;5028;26;;;5035;26;;;;;5032.0;20.03125
0;16700;STARFRUIT;5028;25;;;;;5035;25;;;;;5031.5;24.2265625
0;16700;AMETHYSTS;10002;1;9998;2;9995;25;10005;25;;;;;10003.5;10.0
0;16800;AMETHYSTS;10000;2;9996;2;9995;25;10004;2;10005;25;;;10002.0;12.0
0;16800;STARFRUIT;5031;2;5028;27;;;5035;27;;;;;5033.0;25.8984375
0;16900;AMETHYSTS;9996;2;9995;22;;;10004;2;10005;22;;;10000.0;12.0
0;16900;STARFRUIT;5028;24;;;;;5035;24;;;;;5031.5;24.765625
0;17000;AMETHYSTS;9996;1;9995;25;;;10004;1;10005;25;;;10000.0;12.0
0;17000;STARFRUIT;5029;1;5028;26;;;5034;1;5035;25;;;5031.5;20.0625
0;17100;STARFRUIT;5028;1;5027;26;;;5034;27;;;;;5031.0;16.7578125
0;17100;AMETHYSTS;9996;1;9995;26;;;10004;1;10005;26;;;10000.0;12.0
0;17200;AMETHYSTS;9996;1;9995;27;;;10004;1;10005;27;;;10000.0;12.0
0;17200;STARFRUIT;5028;5;5027;28;;;5034;28;;;;;5031.0;5.796875
0;17300;AMETHYSTS;9996;1;9995;27;;;10004;1;10005;27;;;10000.0;12.0
0;17300;STARFRUIT;5026;28;;;;;5031;6;5032;1;5033;27;5028.5;-15.5703125
0;17400;AMETHYSTS;9995;25;;;;;9998;11;10005;25;;;9996.5;12.0
0;17400;STARFRUIT;5030;3;5026;2;5025;25;5032;25;;;;;5031.0;-18.953125
0;17500;STARFRUIT;5026;28;;;;;5033;28;;;;;5029.5;-8.375
0;17500;AMETHYSTS;9996;2;9995;26;;;10004;2;10005;26;;;10000.0;12.0
0;17600;AMETHYSTS;9996;1;9995;29;;;10004;1;10005;29;;;10000.0;12.0
0;17600;STARFRUIT;5027;3;5026;30;;;5032;1;5033;29;;;5029.5;-12.3984375
0;17700;AMETHYSTS;9998;2;9995;22;;;10005;22;;;;;10001.5;12.0
0;17700;STARFRUIT;5026;22;;;;;5033;22;;;;;5029.5;-7.25
0;17800;AMETHYSTS;9996;2;9995;30;;;9998;3;10002;5;10004;2;9997.0;12.0
0;17800;STARFRUIT;5026;32;;;;;5031;5;5033;32;;;5028.5;-3.3046875
0;17900;STARFRUIT;5032;1;5029;2;5026;21;5033;21;;;;;5032.5;-3.8125
0;17900;AMETHYSTS;9995;21;;;;;9998;1;10002;3;10005;21;9996.5;18.0
0;18000;AMETHYSTS;9995;24;;;;;10005;24;;;;;10000.0;18.0
0;18000;STARFRUIT;5026;24;;;;;5033;24;;;;;5029.5;-5.14453125
0;18100;AMETHYSTS;9996;2;9995;28;;;10004;2;10005;28;;;10000.0;18.0
0;18100;STARFRUIT;5026;30;;;;;5033;30;;;;;5029.5;-5.265625
0;18200;AMETHYSTS;9996;2;9995;23;;;10002;10;10004;2;10005;23;9999.0;18.0
0;18200;STARFRUIT;5027;25;;;;;5033;2;5034;23;;;5030.0;3.32421875
0;18300;STARFRUIT;5027;20;;;;;5034;20;;;;;5030.5;5.98828125
0;18300;AMETHYSTS;9995;20;;;;;10005;20;;;;;10000.0;18.0
0;18400;AMETHYSTS;9996;1;9995;21;;;10004;1;10005;21;;;10000.0;18.0
0;18400;STARFRUIT;5032;1;5027;22;;;5033;1;5034;21;;;5032.5;4.5
0;18500;AMETHYSTS;9996;2;9995;21;;;10004;2;10005;21;;;10000.0;18.0
0;18500;STARFRUIT;5027;23;;;;;5029;1;5034;23;;;5028.0;12.0703125
0;18600;AMETHYSTS;9996;1;9995;21;;;10004;1;10005;21;;;10000.0;18.0
0;18600;STARFRUIT;5028;22;;;;;5029;9;5035;22;;;5028.5;24.26171875
0;18700;STARFRUIT;5028;30;;;;;5035;30;;;;;5031.5;29.125
0;18700;AMETHYSTS;10002;1;9995;30;;;10005;30;;;;;10003.5;18.0
0;18800;AMETHYSTS;9995;24;;;;;10002;7;10005;24;;;9998.5;20.0
0;18800;STARFRUIT;5028;24;;;;;5035;24;;;;;5031.5;25.2578125
0;18900;AMETHYSTS;10002;1;9995;25;;;10005;25;;;;;10003.5;0.0
0;18900;STARFRUIT;5030;7;5029;25;;;5036;25;;;;;5033.0;35.4140625
0;19000;AMETHYSTS;9996;1;9995;30;;;10004;1;10005;30;;;10000.0;2.0
0;19000;STARFRUIT;5029;31;;;;;5036;31;;;;;5032.5;39.046875
0;19100;STARFRUIT;5030;2;5029;21;;;5036;23;;;;;5033.0;44.1640625
0;19100;AMETHYSTS;9996;2;9995;21;;;10004;2;10005;21;;;10000.0;2.0
0;19200;AMETHYSTS;9995;26;;;;;10002;1;10005;26;;;9998.5;2.0
0;19200;STARFRUIT;5030;26;;;;;5037;26;;;;;5033.5;48.7890625
0;19300;AMETHYSTS;9996;2;9995;23;;;9998;6;10004;2;10005;23;9997.0;2.0
0;19300;STARFRUIT;5032;2;5031;23;;;5038;25;;;;;5035.0;68.5625
0;19400;AMETHYSTS;9996;2;9995;24;;;10002;5;10004;2;10005;24;9999.0;2.0
0;19400;STARFRUIT;5032;26;;;;;5038;2;5039;24;;;5035.0;72.4453125
0;19500;STARFRUIT;5031;23;;;;;5038;23;;;;;5034.5;69.08203125
0;19500;AMETHYSTS;9995;23;;;;;10005;23;;;;;10000.0;2.0
0;19600;AMETHYSTS;10002;1;9998;5;9996;1;10004;1;10005;26;;;10003.0;2.0
0;19600;STARFRUIT;5032;27;;;;;5038;1;5039;26;;;5035.0;72.67578125
0;19700;AMETHYSTS;9996;2;9995;29;;;10004;2;10005;29;;;10000.0;4.0
0;19700;STARFRUIT;5032;31;;;;;5039;31;;;;;5035.5;80.21875
0;19800;AMETHYSTS;9996;2;9995;26;;;10004;2;10005;26;;;10000.0;4.0
0;19800;STARFRUIT;5033;2;5032;26;;;5039;28;;;;;5036.0;83.10546875
0;19900;STARFRUIT;5033;1;5032;22;;;5039;23;;;;;5036.0;82.546875
0;19900;AMETHYSTS;9996;1;9995;22;;;9998;1;10004;1;10005;22;9997.0;4.0
0;20000;AMETHYSTS;9995;26;;;;;9998;1;10005;26;;;9996.5;8.0
0;20000;STARFRUIT;5032;26;;;;;5037;4;5039;26;;;5034.5;80.59765625
0;20100;AMETHYSTS;9996;1;9995;29;;;9998;4;10004;1;10005;29;9997.0;8.0
0;20100;STARFRUIT;5033;30;;;;;5038;4;5039;1;5040;29;5035.5;86.2265625
0;20200;AMETHYSTS;10002;1;9995;20;;;10005;20;;;;;10003.5;8.0
0;20200;STARFRUIT;5032;20;;;;;5039;20;;;;;5035.5;80.484375
0;20300;STARFRUIT;5032;24;;;;;5039;24;;;;;5035.5;82.9609375
0;20300;AMETHYSTS;10002;4;9995;24;;;10005;24;;;;;10003.5;10.0
0;20400;AMETHYSTS;10002;2;9996;1;9995;27;10004;1;10005;27;;;10003.0;10.0
0;20400;STARFRUIT;5032;28;;;;;5033;3;5039;28;;;5032.5;75.390625
0;20500;AMETHYSTS;9998;7;9996;1;9995;25;10004;1;10005;25;;;10001.0;10.0
0;20500;STARFRUIT;5032;26;;;;;5033;8;5039;26;;;5032.5;86.59375
0;20600;AMETHYSTS;9996;1;9995;24;;;9998;4;10002;5;10004;1;9997.0;10.0
0;20600;STARFRUIT;5033;25;;;;;5040;25;;;;;5036.5;97.7578125
0;20700;STARFRUIT;5038;2;5034;3;5033;30;5041;30;;;;;5039.5;108.8046875
0;20700;AMETHYSTS;9995;30;;;;;10005;30;;;;;10000.0;10.0
0;20800;AMETHYSTS;9996;2;9995;24;;;10004;2;10005;24;;;10000.0;10.0
0;20800;STARFRUIT;5034;26;;;;;5040;2;5041;24;;;5037.0;112.5625
0;20900;AMETHYSTS;9996;2;9995;29;;;10004;2;10005;29;;;10000.0;10.0
0;20900;STARFRUIT;5034;31;;;;;5035;1;5041;31;;;5034.5;118.5546875
0;21000;STARFRUIT;5034;26;;;;;5041;26;;;;;5037.5;122.2265625
0;21000;AMETHYSTS;9996;1;9995;25;;;10004;1;10005;25;;;10000.0;10.0
0;21100;STARFRUIT;5034;28;;;;;5037;2;5041;28;;;5035.5;118.0703125
0;21100;AMETHYSTS;9995;28;;;;;10000;2;10005;28;;;9997.5;10.0
0;21200;STARFRUIT;5040;1;5034;29;;;5041;29;;;;;5040.5;125.40625
0;21200;AMETHYSTS;9995;29;;;;;9998;1;10005;29;;;9996.5;10.0
0;21300;AMETHYSTS;9995;22;;;;;10005;22;;;;;10000.0;10.0
0;21300;STARFRUIT;5034;22;;;;;5040;2;5042;22;;;5037.0;132.328125
0;21400;STARFRUIT;5035;1;5034;29;;;5041;30;;;;;5038.0;124.109375
0;21400;AMETHYSTS;9996;1;9995;29;;;10004;1;10005;29;;;10000.0;10.0
0;21500;STARFRUIT;5034;28;;;;;5035;5;5041;30;;;5034.5;124.3203125
0;21500;AMETHYSTS;9996;2;9995;28;;;10004;2;10005;28;;;10000.0;10.0
0;21600;STARFRUIT;5035;22;;;;;5042;22;;;;;5038.5;131.421875
0;21600;AMETHYSTS;9998;5;9996;2;9995;20;10004;2;10005;20;;;10001.0;10.0
0;21700;AMETHYSTS;9996;2;9995;25;;;10004;2;10005;25;;;10000.0;10.0
0;21700;STARFRUIT;5035;6;5034;25;;;5041;2;5042;25;;;5038.0;27.0859375
0;21800;STARFRUIT;5035;26;;;;;5042;26;;;;;5038.5;18.046875
0;21800;AMETHYSTS;9996;1;9995;25;;;10004;1;10005;25;;;10000.0;10.0
0;21900;STARFRUIT;5035;27;;;;;5042;27;;;;;5038.5;18.609375
0;21900;AMETHYSTS;9995;27;;;;;10002;3;10005;27;;;9998.5;10.0
0;22000;STARFRUIT;5035;22;;;;;5042;22;;;;;5038.5;17.734375
0;22000;AMETHYSTS;9996;2;9995;20;;;10004;2;10005;20;;;10000.0;10.0
0;22100;AMETHYSTS;9995;22;;;;;10005;22;;;;;10000.0;10.0
0;22100;STARFRUIT;5035;22;;;;;5040;4;5042;22;;;5037.5;21.421875
0;22200;STARFRUIT;5036;3;5035;23;;;5042;23;;;;;5039.0;14.5234375
0;22200;AMETHYSTS;10002;1;9995;23;;;10005;23;;;;;10003.5;10.0
0;22300;STARFRUIT;5036;30;;;;;5043;30;;;;;5039.5;8.109375
0;22300;AMETHYSTS;9996;2;9995;28;;;10004;2;10005;28;;;10000.0;12.0
0;22400;STARFRUIT;5036;24;;;;;5043;24;;;;;5039.5;3.3828125
0;22400;AMETHYSTS;9996;1;9995;23;;;10002;2;10004;1;10005;23;9999.0;12.0
0;22500;AMETHYSTS;9998;2;9995;27;;;10005;27;;;;;10001.5;12.0
0;22500;STARFRUIT;5041;1;5036;27;;;5043;27;;;;;5042.0;11.140625
0;22600;STARFRUIT;5042;1;5041;4;5037;4;5043;26;;;;;5042.5;5.203125
0;22600;AMETHYSTS;9998;5;9996;1;9995;25;10004;1;10005;25;;;10001.0;12.0
0;22700;STARFRUIT;5036;26;;;;;5042;1;5043;25;;;5039.0;13.4296875
0;22700;AMETHYSTS;9996;1;9995;25;;;10002;9;10004;1;10005;25;9999.0;12.0
0;22800;STARFRUIT;5036;27;;;;;5043;27;;;;;5039.5;7.671875
0;22800;AMETHYSTS;10002;1;9996;1;9995;26;10004;1;10005;26;;;10003.0;12.0
0;22900;AMETHYSTS;10002;2;9996;1;9995;22;10004;1;10005;22;;;10003.0;14.0
0;22900;STARFRUIT;5036;23;;;;;5037;1;5041;4;5043;23;5036.5;3.0625
0;23000;STARFRUIT;5042;1;5037;1;5036;20;5043;21;;;;;5042.5;3.8046875
0;23000;AMETHYSTS;9996;1;9995;20;;;10002;2;10004;1;10005;20;9999.0;14.0
0;23100;STARFRUIT;5038;7;5037;28;;;5043;2;5044;26;;;5040.5;0.0546875
0;23100;AMETHYSTS;9996;2;9995;26;;;10004;2;10005;26;;;10000.0;8.0
0;23200;AMETHYSTS;9996;1;9995;24;;;10002;4;10004;1;10005;24;9999.0;8.0
0;23200;STARFRUIT;5037;2;5036;24;;;5043;25;;;;;5040.0;4.46875
0;23300;AMETHYSTS;9996;2;9995;21;;;10004;2;10005;21;;;10000.0;8.0
0;23300;STARFRUIT;5037;2;5036;21;;;5043;2;5044;21;;;5040.0;3.296875
0;23400;STARFRUIT;5037;1;5036;29;;;5043;1;5044;29;;;5040.0;3.0625
0;23400;AMETHYSTS;9996;1;9995;29;;;10004;1;10005;29;;;10000.0;8.0
0;23500;AMETHYSTS;9996;1;9995;30;;;10004;1;10005;30;;;10000.0;8.0
0;23500;STARFRUIT;5038;3;5037;31;;;5044;31;;;;;5041.0;5.03125
0;23600;AMETHYSTS;9996;2;9995;25;;;10004;2;10005;25;;;10000.0;8.0
0;23600;STARFRUIT;5037;1;5036;25;;;5043;27;;;;;5040.0;9.62109375
0;23700;AMETHYSTS;9996;1;9995;20;;;10004;1;10005;20;;;10000.0;8.0
0;23700;STARFRUIT;5042;1;5037;21;;;5043;1;5044;20;;;5042.5;8.59375
0;23800;STARFRUIT;5037;22;;;;;5044;22;;;;;5040.5;10.33984375
0;23800;AMETHYSTS;9995;22;;;;;10005;22;;;;;10000.0;8.0
0;23900;AMETHYSTS;9995;27;;;;;10005;27;;;;;10000.0;8.0
0;23900;STARFRUIT;5037;27;;;;;5044;27;;;;;5040.5;10.1875
0;24000;AMETHYSTS;9995;29;;;;;10005;29;;;;;10000.0;8.0
0;24000;STARFRUIT;5038;6;5037;29;;;5044;29;;;;;5041.0;1.2265625
0;24100;AMETHYSTS;9996;2;9995;20;;;10004;2;10005;20;;;10000.0;8.0
0;24100;STARFRUIT;5037;22;;;;;5044;22;;;;;5040.5;2.15625
0;24200;STARFRUIT;5038;24;;;;;5043;8;5044;1;5045;23;5040.5;-3.859375
0;24200;AMETHYSTS;9996;1;9995;23;;;10002;7;10004;1;10005;23;9999.0;8.0
0;24300;AMETHYSTS;10002;1;9995;27;;;10005;27;;;;;10003.5;8.0
0;24300;STARFRUIT;5038;26;;;;;5043;5;5045;27;;;5040.5;-3.0078125
0;24400;AMETHYSTS;9996;1;9995;28;;;10004;1;10005;28;;;10000.0;10.0
0;24400;STARFRUIT;5038;9;5037;28;;;5044;29;;;;;5041.0;0.21484375
0;24500;AMETHYSTS;9996;2;9995;24;;;10002;10;10004;2;10005;24;9999.0;10.0
0;24500;STARFRUIT;5037;26;;;;;5044;26;;;;;5040.5;6.24609375
0;24600;STARFRUIT;5038;2;5037;22;;;5044;24;;;;;5041.0;0.37890625
0;24600;AMETHYSTS;9996;2;9995;22;;;10002;10;10004;2;10005;22;9999.0;10.0
0;24700;AMETHYSTS;9996;2;9995;20;;;10004;2;10005;20;;;10000.0;10.0
0;24700;STARFRUIT;5037;22;;;;;5044;22;;;;;5040.5;3.98046875
0;24800;AMETHYSTS;9995;28;;;;;10005;28;;;;;10000.0;10.0
0;24800;STARFRUIT;5037;28;;;;;5044;28;;;;;5040.5;3.9921875
0;24900;AMETHYSTS;9998;7;9995;24;;;10005;24;;;;;10001.5;10.0
0;24900;STARFRUIT;5037;24;;;;;5044;24;;;;;5040.5;6.58203125
0;25000;STARFRUIT;5037;28;;;;;5043;1;5044;27;;;5040.0;9.3046875
0;25000;AMETHYSTS;10002;1;9996;1;9995;27;10004;1;10005;27;;;10003.0;10.0
0;25100;AMETHYSTS;9998;8;9996;1;9995;26;10004;1;10005;26;;;10001.0;12.0
0;25100;STARFRUIT;5036;27;;;;;5043;27;;;;;5039.5;14.0703125
0;25200;AMETHYSTS;9996;2;9995;24;;;10000;4;10004;2;10005;24;9998.0;12.0
0;25200;STARFRUIT;5037;6;5036;26;;;5039;4;5043;26;;;5038.0;14.390625
0;25300;STARFRUIT;5036;22;;;;;5042;1;5043;21;;;5039.0;22.9609375
0;25300;AMETHYSTS;9998;9;9996;1;9995;21;10004;1;10005;21;;;10001.0;12.0
0;25400;AMETHYSTS;10002;3;9996;2;9995;27;10004;2;10005;27;;;10003.0;12.0
0;25400;STARFRUIT;5035;29;;;;;5042;29;;;;;5038.5;26.1328125
0;25500;AMETHYSTS;9996;1;9995;23;;;10004;1;10005;23;;;10000.0;18.0
0;25500;STARFRUIT;5036;1;5035;23;;;5040;6;5042;24;;;5038.0;24.90234375
0;25600;AMETHYSTS;9995;24;;;;;10005;24;;;;;10000.0;18.0
0;25600;STARFRUIT;5035;24;;;;;5040;6;5042;24;;;5037.5;28.2734375
0;25700;STARFRUIT;5036;1;5035;24;;;5042;1;5043;24;;;5039.0;23.875
0;25700;AMETHYSTS;9996;1;9995;24;;;10004;1;10005;24;;;10000.0;18.0
0;25800;AMETHYSTS;10002;1;9996;2;9995;27;10004;2;10005;27;;;10003.0;18.0
0;25800;STARFRUIT;5037;29;;;;;5043;2;5044;27;;;5040.0;14.765625
0;25900;AMETHYSTS;9996;2;9995;27;;;10004;2;10005;27;;;10000.0;20.0
0;25900;STARFRUIT;5037;29;;;;;5044;29;;;;;5040.5;11.6171875
0;26000;AMETHYSTS;9995;27;;;;;10005;27;;;;;10000.0;20.0
0;26000;STARFRUIT;5042;1;5037;27;;;5044;27;;;;;5043.0;13.16796875
0;26100;STARFRUIT;5042;1;5038;2;5037;25;5043;1;5044;24;;;5042.5;15.7734375
0;26100;AMETHYSTS;10002;1;9998;3;9996;1;10004;1;10005;24;;;10003.0;20.0
0;26200;AMETHYSTS;10002;1;9996;2;9995;27;10004;2;10005;27;;;10003.0;22.0
0;26200;STARFRUIT;5037;29;;;;;5043;2;5044;27;;;5040.0;15.94921875
0;26300;AMETHYSTS;9996;1;9995;25;;;10002;1;10004;1;10005;25;9999.0;18.0
0;26300;STARFRUIT;5037;26;;;;;5038;1;5044;26;;;5037.5;9.953125
0;26400;AMETHYSTS;9995;27;;;;;10005;27;;;;;10000.0;16.0
0;26400;STARFRUIT;5037;27;;;;;5044;27;;;;;5040.5;10.3671875
0;26500;STARFRUIT;5038;22;;;;;5044;1;5045;21;;;5041.0;8.07421875
0;26500;AMETHYSTS;9996;1;9995;21;;;10004;1;10005;21;;;10000.0;16.0
0;26600;AMETHYSTS;9996;2;9995;29;;;9998;4;10004;2;10005;29;9997.0;16.0
0;26600;STARFRUIT;5037;31;;;;;5044;31;;;;;5040.5;13.87890625
0;26700;AMETHYSTS;9995;26;;;;;10005;26;;;;;10000.0;24.0
0;26700;STARFRUIT;5042;1;5038;8;5037;26;5044;26;;;;;5043.0;14.9609375
0;26800;AMETHYSTS;10002;1;9998;7;9995;20;10005;20;;;;;10003.5;24.0
0;26800;STARFRUIT;5037;20;;;;;5044;20;;;;;5040.5;15.0546875
0;26900;STARFRUIT;5037;22;;;;;5044;22;;;;;5040.5;14.1328125
0;26900;AMETHYSTS;9995;22;;;;;10005;22;;;;;10000.0;26.0
0;27000;AMETHYSTS;9998;2;9996;1;9995;26;10004;1;10005;26;;;10001.0;26.0
0;27000;STARFRUIT;5037;27;;;;;5042;6;5044;27;;;5039.5;17.6015625
0;27100;AMETHYSTS;9996;2;9995;27;;;9998;1;10002;10;10004;2;9997.0;26.0
0;27100;STARFRUIT;5043;1;5037;29;;;5044;29;;;;;5043.5;14.48046875
0;27200;AMETHYSTS;9998;3;9996;2;9995;23;10004;2;10005;23;;;10001.0;28.0
0;27200;STARFRUIT;5042;1;5038;7;5037;25;5043;2;5044;23;;;5042.5;21.5703125
0;27300;STARFRUIT;5037;25;;;;;5038;1;5044;25;;;5037.5;7.625
0;27300;AMETHYSTS;9995;25;;;;;10002;8;10005;25;;;9998.5;20.0
0;27400;AMETHYSTS;9996;1;9995;22;;;9998;3;10004;1;10005;22;9997.0;20.0
0;27400;STARFRUIT;5041;6;5039;1;5038;22;5045;23;;;;;5043.0;4.58203125
0;27500;AMETHYSTS;9995;30;;;;;10005;30;;;;;10000.0;26.0
0;27500;STARFRUIT;5038;30;;;;;5045;30;;;;;5041.5;0.390625
0;27600;AMETHYSTS;9996;2;9995;26;;;10002;4;10004;2;10005;26;9999.0;26.0
0;27600;STARFRUIT;5043;1;5039;6;5038;28;5045;28;;;;;5044.0;3.7265625
0;27700;STARFRUIT;5038;32;;;;;5045;32;;;;;5041.5;3.765625
0;27700;AMETHYSTS;9996;2;9995;30;;;10004;2;10005;30;;;10000.0;26.0
0;27800;AMETHYSTS;9998;2;9996;2;9995;20;10004;2;10005;20;;;10001.0;26.0
0;27800;STARFRUIT;5039;5;5038;22;;;5044;2;5045;20;;;5041.5;11.1796875
0;27900;AMETHYSTS;9995;29;;;;;10005;29;;;;;10000.0;26.0
0;27900;STARFRUIT;5038;29;;;;;5043;8;5045;29;;;5040.5;1.0
0;28000;AMETHYSTS;9995;22;;;;;10005;22;;;;;10000.0;26.0
0;28000;STARFRUIT;5039;4;5038;22;;;5045;22;;;;;5042.0;4.1953125
0;28100;STARFRUIT;5039;21;;;;;5046;21;;;;;5042.5;-11.4140625
0;28100;AMETHYSTS;9996;1;9995;20;;;10004;1;10005;20;;;10000.0;26.0
0;28200;AMETHYSTS;9995;23;;;;;10005;23;;;;;10000.0;34.0
0;28200;STARFRUIT;5039;23;;;;;5046;23;;;;;5042.5;-10.296875
0;28300;AMETHYSTS;9996;2;9995;28;;;10004;2;10005;28;;;10000.0;34.0
0;28300;STARFRUIT;5039;30;;;;;5045;2;5046;28;;;5042.0;-7.3671875
0;28400;AMETHYSTS;9995;20;;;;;10002;8;10005;20;;;9998.5;34.0
0;28400;STARFRUIT;5039;20;;;;;5046;20;;;;;5042.5;-9.625
0;28500;STARFRUIT;5039;5;5038;28;;;5045;30;;;;;5042.0;-2.75
0;28500;AMETHYSTS;9996;2;9995;28;;;10004;2;10005;28;;;10000.0;34.0
0;28600;AMETHYSTS;9996;2;9995;26;;;10000;5;10002;5;10004;2;9998.0;34.0
0;28600;STARFRUIT;5039;27;;;;;5042;5;5045;2;5046;26;5040.5;-6.9140625
0;28700;AMETHYSTS;9998;8;9996;2;9995;22;10004;2;10005;22;;;10001.0;34.0
0;28700;STARFRUIT;5039;23;;;;;5045;2;5046;22;;;5042.0;-7.078125
0;28800;AMETHYSTS;9995;21;;;;;10002;8;10005;21;;;9998.5;34.0
0;28800;STARFRUIT;5038;21;;;;;5046;21;;;;;5042.0;-4.75
0;28900;STARFRUIT;5040;1;5039;23;;;5045;1;5046;22;;;5042.5;-7.8984375
0;28900;AMETHYSTS;9996;1;9995;22;;;10002;5;10004;1;10005;22;9999.0;34.0
0;29000;AMETHYSTS;10002;1;9996;2;9995;24;10004;2;10005;24;;;10003.0;34.0
0;29000;STARFRUIT;5039;26;;;;;5045;2;5046;24;;;5042.0;-8.3359375
0;29100;AMETHYSTS;9995;23;;;;;10002;2;10005;23;;;9998.5;36.0
0;29100;STARFRUIT;5039;23;;;;;5046;23;;;;;5042.5;-7.4765625
0;29200;AMETHYSTS;9996;1;9995;22;;;10004;1;10005;22;;;10000.0;30.0
0;29200;STARFRUIT;5040;1;5039;22;;;5046;23;;;;;5043.0;-19.84375
0;29300;STARFRUIT;5040;23;;;;;5046;1;5047;22;;;5043.0;-24.6640625
0;29300;AMETHYSTS;9996;1;9995;22;;;10004;1;10005;22;;;10000.0;30.0
0;29400;AMETHYSTS;9996;2;9995;23;;;10002;4;10004;2;10005;23;9999.0;30.0
0;29400;STARFRUIT;5039;25;;;;;5046;25;;;;;5042.5;-15.671875
0;29500;AMETHYSTS;9998;6;9995;20;;;10005;20;;;;;10001.5;30.0
0;29500;STARFRUIT;5039;20;;;;;5040;1;5046;20;;;5039.5;-19.71875
0;29600;AMETHYSTS;9996;1;9995;26;;;10000;4;10004;1;10005;26;9998.0;30.0
0;29600;STARFRUIT;5040;1;5039;26;;;5042;4;5046;27;;;5041.0;-16.0078125
0;29700;STARFRUIT;5040;23;;;;;5045;8;5046;1;5047;22;5042.5;-25.5078125
0;29700;AMETHYSTS;9996;1;9995;22;;;10002;7;10004;1;10005;22;9999.0;30.0
0;29800;STARFRUIT;5045;1;5040;4;5039;25;5047;25;;;;;5046.0;-24.90625
0;29800;AMETHYSTS;9995;25;;;;;10005;25;;;;;10000.0;30.0
0;29900;AMETHYSTS;9996;2;9995;30;;;10004;2;10005;30;;;10000.0;30.0
0;29900;STARFRUIT;5040;32;;;;;5047;32;;;;;5043.5;-34.25
0;30000;STARFRUIT;5041;6;5040;23;;;5047;25;;;;;5044.0;-38.5546875
0;30000;AMETHYSTS;9998;10;9996;2;9995;23;10004;2;10005;23;;;10001.0;30.0
0;30100;STARFRUIT;5041;1;5040;20;;;5047;21;;;;;5044.0;-38.75
0;30100;AMETHYSTS;9996;1;9995;20;;;10004;1;10005;20;;;10000.0;30.0
0;30200;STARFRUIT;5041;30;;;;;5048;30;;;;;5044.5;-46.953125
0;30200;AMETHYSTS;9996;2;9995;28;;;9998;1;10002;8;10004;2;9997.0;30.0
0;30300;AMETHYSTS;10002;4;9996;2;9995;29;10004;2;10005;29;;;10003.0;32.0
0;30300;STARFRUIT;5041;31;;;;;5046;1;5047;2;5048;29;5043.5;-43.515625
0;30400;STARFRUIT;5045;2;5040;30;;;5047;30;;;;;5046.0;-33.0546875
0;30400;AMETHYSTS;9995;30;;;;;10005;30;;;;;10000.0;40.0
0;30500;STARFRUIT;5040;7;5039;28;;;5046;30;;;;;5043.0;-21.296875
0;30500;AMETHYSTS;9996;2;9995;28;;;10004;2;10005;28;;;10000.0;40.0
0;30600;STARFRUIT;5040;32;;;;;5045;7;5046;2;5047;30;5042.5;-24.484375
0;30600;AMETHYSTS;10002;1;9996;2;9995;30;10004;2;10005;30;;;10003.0;40.0
0;30700;AMETHYSTS;9996;2;9995;27;;;10004;2;10005;27;;;10000.0;42.0
0;30700;STARFRUIT;5039;29;;;;;5046;29;;;;;5042.5;-17.1484375
0;30800;STARFRUIT;5039;2;5038;29;;;5045;31;;;;;5042.0;-3.1484375
0;30800;AMETHYSTS;9998;8;9996;2;9995;29;10004;2;10005;29;;;10001.0;42.0
0;30900;STARFRUIT;5038;21;;;;;5043;7;5045;21;;;5040.5;-1.921875
0;30900;AMETHYSTS;9995;21;;;;;10005;21;;;;;10000.0;42.0
0;31000;STARFRUIT;5043;1;5042;5;5038;28;5045;28;;;;;5044.0;8.4765625
0;31000;AMETHYSTS;9996;2;9995;26;;;10002;2;10004;2;10005;26;9999.0;42.0
0;31100;AMETHYSTS;10002;1;9995;23;;;10005;23;;;;;10003.5;42.0
0;31100;STARFRUIT;5038;23;;;;;5039;9;5045;23;;;5038.5;7.0
0;31200;STARFRUIT;5037;21;;;;;5042;8;5044;22;;;5039.5;34.15234375
0;31200;AMETHYSTS;9996;1;9995;21;;;10002;6;10004;1;10005;21;9999.0;44.0
0;31300;STARFRUIT;5038;22;;;;;5044;2;5045;20;;;5041.0;32.08203125
0;31300;AMETHYSTS;9996;2;9995;20;;;10004;2;10005;20;;;10000.0;32.0
0;31400;STARFRUIT;5038;22;;;;;5045;22;;;;;5041.5;29.03515625
0;31400;AMETHYSTS;9995;22;;;;;10005;22;;;;;10000.0;32.0
0;31500;AMETHYSTS;9996;1;9995;21;;;10004;1;10005;21;;;10000.0;32.0
0;31500;STARFRUIT;5038;22;;;;;5045;22;;;;;5041.5;28.7734375
0;31600;STARFRUIT;5039;24;;;;;5046;24;;;;;5042.5;20.2578125
0;31600;AMETHYSTS;9995;24;;;;;9998;3;10005;24;;;9996.5;32.0
0;31700;STARFRUIT;5038;29;;;;;5045;29;;;;;5041.5;25.0625
0;31700;AMETHYSTS;9995;29;;;;;10002;3;10005;29;;;9998.5;32.0
0;31800;STARFRUIT;5043;2;5038;24;;;5045;24;;;;;5044.0;27.66796875
0;31800;AMETHYSTS;9996;2;9995;22;;;10002;2;10004;2;10005;22;9999.0;32.0
0;31900;AMETHYSTS;9996;2;9995;26;;;10004;2;10005;26;;;10000.0;32.0
0;31900;STARFRUIT;5039;6;5038;28;;;5045;28;;;;;5042.0;29.609375
0;32000;STARFRUIT;5038;22;;;;;5045;22;;;;;5041.5;32.98046875
0;32000;AMETHYSTS;9996;2;9995;20;;;10002;10;10004;2;10005;20;9999.0;32.0
0;32100;AMETHYSTS;9998;9;9995;25;;;10005;25;;;;;10001.5;32.0
0;32100;STARFRUIT;5037;25;;;;;5044;25;;;;;5040.5;39.65625
0;32200;AMETHYSTS;9996;1;9995;24;;;10002;5;10004;1;10005;24;9999.0;32.0
0;32200;STARFRUIT;5037;25;;;;;5044;25;;;;;5040.5;41.75
0;32300;AMETHYSTS;10000;3;9996;2;9995;30;10004;2;10005;30;;;10002.0;32.0
0;32300;STARFRUIT;5040;3;5038;2;5037;30;5044;32;;;;;5042.0;38.484375
0;32400;STARFRUIT;5037;29;;;;;5044;29;;;;;5040.5;42.203125
0;32400;AMETHYSTS;9998;2;9995;29;;;10005;29;;;;;10001.5;32.0
0;32500;AMETHYSTS;10002;1;9996;2;9995;24;10004;2;10005;24;;;10003.0;32.0
0;32500;STARFRUIT;5038;1;5037;26;;;5043;2;5044;24;;;5040.5;48.49609375
0;32600;AMETHYSTS;9998;1;9996;2;9995;26;10004;2;10005;26;;;10001.0;34.0
0;32600;STARFRUIT;5037;28;;;;;5044;28;;;;;5040.5;51.2109375
0;32700;AMETHYSTS;9996;2;9995;30;;;10004;2;10005;30;;;10000.0;34.0
0;32700;STARFRUIT;5038;32;;;;;5044;2;5045;30;;;5041.0;40.953125
0;32800;STARFRUIT;5038;29;;;;;5045;29;;;;;5041.5;39.125
0;32800;AMETHYSTS;9995;29;;;;;10005;29;;;;;10000.0;34.0
0;32900;AMETHYSTS;9996;1;9995;20;;;10002;10;10004;1;10005;20;9999.0;34.0
0;32900;STARFRUIT;5038;1;5037;20;;;5044;21;;;;;5041.0;45.984375
0;33000;AMETHYSTS;9998;2;9995;28;;;10005;28;;;;;10001.5;34.0
0;33000;STARFRUIT;5037;28;;;;;5042;4;5044;28;;;5039.5;43.734375
0;33100;AMETHYSTS;9996;1;9995;25;;;10004;1;10005;25;;;10000.0;34.0
0;33100;STARFRUIT;5037;26;;;;;5044;26;;;;;5040.5;46.890625
0;33200;STARFRUIT;5038;24;;;;;5043;5;5044;1;5045;23;5040.5;40.078125
0;33200;AMETHYSTS;9996;1;9995;23;;;10004;1;10005;23;;;10000.0;34.0
0;33300;AMETHYSTS;9996;1;9995;30;;;10002;1;10004;1;10005;30;9999.0;34.0
0;33300;STARFRUIT;5038;31;;;;;5045;31;;;;;5041.5;37.1015625
0;33400;AMETHYSTS;9995;20;;;;;10005;20;;;;;10000.0;34.0
0;33400;STARFRUIT;5037;20;;;;;5042;2;5044;20;;;5039.5;44.8515625
0;33500;AMETHYSTS;9996;2;9995;21;;;10002;4;10004;2;10005;21;9999.0;34.0
0;33500;STARFRUIT;5038;2;5037;21;;;5044;23;;;;;5041.0;44.3828125
0;33600;STARFRUIT;5037;27;;;;;5044;27;;;;;5040.5;55.8671875
0;33600;AMETHYSTS;9995;27;;;;;9998;2;10005;27;;;9996.5;34.0
0;33700;AMETHYSTS;9996;1;9995;25;;;10004;1;10005;25;;;10000.0;38.0
0;33700;STARFRUIT;5037;1;5036;25;;;5041;6;5043;26;;;5039.0;61.015625
0;33800;AMETHYSTS;9995;21;;;;;10002;4;10005;21;;;9998.5;38.0
0;33800;STARFRUIT;5036;21;;;;;5043;21;;;;;5039.5;68.265625
0;33900;AMETHYSTS;9996;1;9995;27;;;10004;1;10005;27;;;10000.0;38.0
0;33900;STARFRUIT;5035;28;;;;;5042;28;;;;;5038.5;76.921875
0;34000;STARFRUIT;5041;1;5036;2;5035;28;5042;30;;;;;5041.5;74.421875
0;34000;AMETHYSTS;9996;2;9995;28;;;10004;2;10005;28;;;10000.0;46.0
0;34100;AMETHYSTS;9996;2;9995;25;;;10004;2;10005;25;;;10000.0;46.0
0;34100;STARFRUIT;5036;2;5035;25;;;5042;27;;;;;5039.0;78.1875
0;34200;AMETHYSTS;9996;2;9995;30;;;10002;2;10004;2;10005;30;9999.0;46.0
0;34200;STARFRUIT;5036;32;;;;;5043;32;;;;;5039.5;62.859375
0;34300;STARFRUIT;5036;28;;;;;5043;29;;;;;5039.5;67.8359375
0;34300;AMETHYSTS;9996;1;9995;28;;;10004;1;10005;28;;;10000.0;46.0
0;34400;AMETHYSTS;9996;2;9995;28;;;10004;2;10005;28;;;10000.0;46.0
0;34400;STARFRUIT;5036;30;;;;;5043;30;;;;;5039.5;65.2890625
0;34500;AMETHYSTS;9996;2;9995;22;;;10004;2;10005;22;;;10000.0;46.0
0;34500;STARFRUIT;5037;24;;;;;5044;24;;;;;5040.5;52.671875
0;34600;AMETHYSTS;9995;24;;;;;10005;24;;;;;10000.0;46.0
0;34600;STARFRUIT;5037;24;;;;;5044;24;;;;;5040.5;58.46875
0;34700;STARFRUIT;5037;7;5036;25;;;5043;25;;;;;5040.0;64.8515625
0;34700;AMETHYSTS;9996;2;9995;23;;;10004;2;10005;23;;;10000.0;46.0
0;34800;AMETHYSTS;9998;3;9996;2;9995;22;10004;2;10005;22;;;10001.0;46.0
0;34800;STARFRUIT;5036;22;;;;;5037;8;5043;24;;;5036.5;61.9375
0;34900;AMETHYSTS;9995;24;;;;;10005;24;;;;;10000.0;46.0
0;34900;STARFRUIT;5037;24;;;;;5044;24;;;;;5040.5;79.92578125
0;35000;AMETHYSTS;9995;29;;;;;10005;29;;;;;10000.0;46.0
0;35000;STARFRUIT;5037;29;;;;;5044;29;;;;;5040.5;79.78125
0;35100;STARFRUIT;5037;23;;;;;5044;23;;;;;5040.5;80.765625
0;35100;AMETHYSTS;9996;2;9995;21;;;10004;2;10005;21;;;10000.0;46.0
0;35200;AMETHYSTS;9995;24;;;;;10005;24;;;;;10000.0;46.0
0;35200;STARFRUIT;5037;24;;;;;5042;3;5044;24;;;5039.5;78.96875
0;35300;AMETHYSTS;9998;8;9996;1;9995;22;10004;1;10005;22;;;10001.0;46.0
0;35300;STARFRUIT;5038;8;5037;23;;;5044;23;;;;;5041.0;80.05859375
0;35400;AMETHYSTS;10002;1;9996;2;9995;25;10004;2;10005;25;;;10003.0;46.0
0;35400;STARFRUIT;5037;27;;;;;5044;27;;;;;5040.5;76.94140625
0;35500;STARFRUIT;5037;29;;;;;5044;29;;;;;5040.5;80.15234375
0;35500;AMETHYSTS;9996;2;9995;27;;;10004;2;10005;27;;;10000.0;48.0
0;35600;AMETHYSTS;9996;1;9995;23;;;10002;3;10004;1;10005;23;9999.0;48.0
0;35600;STARFRUIT;5038;1;5037;23;;;5044;24;;;;;5041.0;76.4140625
0;35700;AMETHYSTS;9996;2;9995;29;;;10002;9;10004;2;10005;29;9999.0;48.0
0;35700;STARFRUIT;5037;31;;;;;5044;31;;;;;5040.5;76.93359375
0;35800;AMETHYSTS;9996;2;9995;21;;;10004;2;10005;21;;;10000.0;48.0
0;35800;STARFRUIT;5037;8;5036;21;;;5043;2;5044;21;;;5040.0;82.99609375
0;35900;STARFRUIT;5036;30;;;;;5043;30;;;;;5039.5;88.30078125
0;35900;AMETHYSTS;9996;2;9995;28;;;10004;2;10005;28;;;10000.0;48.0
0;36000;AMETHYSTS;9995;30;;;;;10000;2;10002;9;10005;30;9997.5;48.0
0;36000;STARFRUIT;5036;30;;;;;5039;2;5041;2;5043;30;5037.5;88.3203125
0;36100;AMETHYSTS;9998;7;9996;2;9995;21;10004;2;10005;21;;;10001.0;48.0
0;36100;STARFRUIT;5036;23;;;;;5041;6;5043;23;;;5038.5;88.392578125
0;36200;AMETHYSTS;9998;5;9996;1;9995;29;10004;1;10005;29;;;10001.0;34.0
0;36200;STARFRUIT;5036;1;5035;29;;;5042;30;;;;;5039.0;91.95703125
0;36300;STARFRUIT;5035;31;;;;;5042;31;;;;;5038.5;92.4765625
0;36300;AMETHYSTS;9996;1;9995;30;;;10004;1;10005;30;;;10000.0;34.0
0;36400;AMETHYSTS;9996;1;9995;28;;;10002;8;10004;1;10005;28;9999.0;34.0
0;36400;STARFRUIT;5036;2;5035;28;;;5042;29;;;;;5039.0;91.849609375
0;36500;AMETHYSTS;9996;2;9995;27;;;10004;2;10005;27;;;10000.0;34.0
0;36500;STARFRUIT;5035;28;;;;;5042;29;;;;;5038.5;93.94921875
0;36600;AMETHYSTS;9996;1;9995;30;;;10000;2;10004;1;10005;30;9998.0;34.0
0;36600;STARFRUIT;5035;31;;;;;5038;2;5042;31;;;5036.5;95.51171875
0;36700;STARFRUIT;5035;22;;;;;5042;22;;;;;5038.5;95.20703125
0;36700;AMETHYSTS;10002;1;9996;1;9995;21;10004;1;10005;21;;;10003.0;34.0
0;36800;AMETHYSTS;9996;2;9995;23;;;10004;2;10005;23;;;10000.0;36.0
0;36800;STARFRUIT;5035;25;;;;;5042;25;;;;;5038.5;94.173828125
0;36900;AMETHYSTS;9998;6;9995;22;;;10005;22;;;;;10001.5;36.0
0;36900;STARFRUIT;5035;22;;;;;5042;22;;;;;5038.5;94.236328125
0;37000;AMETHYSTS;9996;2;9995;20;;;10004;2;10005;20;;;10000.0;36.0
0;37000;STARFRUIT;5036;2;5035;20;;;5042;22;;;;;5039.0;93.728515625
0;37100;STARFRUIT;5039;5;5036;24;;;5043;24;;;;;5041.0;92.767578125
0;37100;AMETHYSTS;10000;5;9995;24;;;10005;24;;;;;10002.5;36.0
0;37200;AMETHYSTS;9996;2;9995;27;;;10004;2;10005;27;;;10000.0;36.0
0;37200;STARFRUIT;5037;2;5036;27;;;5043;29;;;;;5040.0;89.39453125
0;37300;AMETHYSTS;9996;1;9995;22;;;10004;1;10005;22;;;10000.0;36.0
0;37300;STARFRUIT;5037;23;;;;;5042;4;5044;23;;;5039.5;86.8359375
0;37400;AMETHYSTS;9995;22;;;;;10005;22;;;;;10000.0;44.0
0;37400;STARFRUIT;5038;4;5037;22;;;5044;22;;;;;5041.0;85.53125
0;37500;STARFRUIT;5040;5;5037;31;;;5044;31;;;;;5042.0;85.955078125
0;37500;AMETHYSTS;10000;5;9996;1;9995;30;10004;1;10005;30;;;10002.0;44.0
0;37600;AMETHYSTS;9996;1;9995;24;;;10004;1;10005;24;;;10000.0;44.0
0;37600;STARFRUIT;5037;25;;;;;5042;5;5044;25;;;5039.5;87.005859375
0;37700;AMETHYSTS;10002;1;9995;20;;;10005;20;;;;;10003.5;52.0
0;37700;STARFRUIT;5037;20;;;;;5044;20;;;;;5040.5;88.65625
0;37800;AMETHYSTS;9996;2;9995;23;;;10004;2;10005;23;;;10000.0;54.0
0;37800;STARFRUIT;5037;25;;;;;5043;2;5044;23;;;5040.0;88.3203125
0;37900;STARFRUIT;5038;29;;;;;5044;2;5045;27;;;5041.0;84.603515625
0;37900;AMETHYSTS;9996;2;9995;27;;;10004;2;10005;27;;;10000.0;54.0
0;38000;AMETHYSTS;9998;3;9995;30;;;10005;30;;;;;10001.5;54.0
0;38000;STARFRUIT;5038;30;;;;;5045;30;;;;;5041.5;83.70703125
0;38100;AMETHYSTS;9998;4;9996;1;9995;28;10004;1;10005;28;;;10001.0;54.0
0;38100;STARFRUIT;5038;29;;;;;5043;4;5045;29;;;5040.5;83.94140625
0;38200;AMETHYSTS;9998;4;9996;2;9995;29;10004;2;10005;29;;;10001.0;54.0
0;38200;STARFRUIT;5039;2;5038;29;;;5045;31;;;;;5042.0;81.1171875
0;38300;STARFRUIT;5040;5;5039;22;;;5046;22;;;;;5043.0;79.224609375
0;38300;AMETHYSTS;9995;22;;;;;10005;22;;;;;10000.0;54.0
0;38400;AMETHYSTS;9996;2;9995;29;;;10004;2;10005;29;;;10000.0;54.0
0;38400;STARFRUIT;5039;31;;;;;5040;4;5046;31;;;5039.5;79.556640625
0;38500;AMETHYSTS;9996;2;9995;22;;;10004;2;10005;22;;;10000.0;54.0
0;38500;STARFRUIT;5038;24;;;;;5045;24;;;;;5041.5;89.0
0;38600;STARFRUIT;5038;31;;;;;5044;2;5045;29;;;5041.0;89.0
0;38600;AMETHYSTS;10002;1;9996;2;9995;29;10004;2;10005;29;;;10003.0;54.0
0;38700;STARFRUIT;5038;1;5037;20;;;5044;22;;;;;5041.0;89.0
0;38700;AMETHYSTS;9996;2;9995;20;;;10004;2;10005;20;;;10000.0;56.0
0;38800;STARFRUIT;5038;27;;;;;5043;2;5044;2;5045;25;5040.5;89.0
0;38800;AMETHYSTS;9996;2;9995;25;;;10004;2;10005;25;;;10000.0;68.0
0;38900;AMETHYSTS;9996;2;9995;23;;;10004;2;10005;23;;;10000.0;68.0
0;38900;STARFRUIT;5038;25;;;;;5045;25;;;;;5041.5;89.0
0;39000;STARFRUIT;5039;1;5038;23;;;5041;3;5044;6;5045;1;5040.0;89.0
0;39000;AMETHYSTS;9996;1;9995;23;;;10000;3;10004;1;10005;23;9998.0;68.0
0;39100;STARFRUIT;5039;8;5038;30;;;5045;30;;;;;5042.0;91.25390625
0;39100;AMETHYSTS;9996;2;9995;28;;;9998;3;10004;2;10005;28;9997.0;68.0
0;39200;STARFRUIT;5039;5;5038;21;;;5041;4;5045;21;;;5040.0;91.705078125
0;39200;AMETHYSTS;9995;21;;;;;10000;4;10005;21;;;9997.5;68.0
0;39300;AMETHYSTS;9995;24;;;;;10005;24;;;;;10000.0;68.0
0;39300;STARFRUIT;5038;24;;;;;5045;24;;;;;5041.5;93.55859375
0;39400;STARFRUIT;5038;21;;;;;5045;21;;;;;5041.5;90.484375
0;39400;AMETHYSTS;9995;21;;;;;10005;21;;;;;10000.0;68.0
0;39500;STARFRUIT;5038;29;;;;;5043;3;5045;29;;;5040.5;92.375
0;39500;AMETHYSTS;9995;29;;;;;10005;29;;;;;10000.0;68.0
0;39600;STARFRUIT;5038;31;;;;;5045;31;;;;;5041.5;92.86328125
0;39600;AMETHYSTS;9996;1;9995;30;;;10004;1;10005;30;;;10000.0;68.0
0;39700;AMETHYSTS;9996;1;9995;29;;;10000;6;10004;1;10005;29;9998.0;68.0
0;39700;STARFRUIT;5038;29;;;;;5041;6;5045;30;;;5039.5;96.6953125
0;39800;STARFRUIT;5038;24;;;;;5044;2;5045;22;;;5041.0;92.0234375
0;39800;AMETHYSTS;9996;2;9995;22;;;9998;1;10004;2;10005;22;9997.0;68.0
0;39900;STARFRUIT;5038;29;;;;;5043;7;5045;29;;;5040.5;94.1328125
0;39900;AMETHYSTS;9998;10;9996;1;9995;28;10004;1;10005;28;;;10001.0;68.0
0;40000;STARFRUIT;5037;26;;;;;5044;26;;;;;5040.5;83.28125
0;40000;AMETHYSTS;10002;11;9996;1;9995;25;10004;1;10005;25;;;10003.0;38.0
0;40100;AMETHYSTS;9995;30;;;;;10005;30;;;;;10000.0;38.0
0;40100;STARFRUIT;5037;30;;;;;5042;4;5044;30;;;5039.5;81.5390625
0;40200;STARFRUIT;5037;25;;;;;5044;25;;;;;5040.5;78.8671875
0;40200;AMETHYSTS;9996;1;9995;24;;;10002;7;10004;1;10005;24;9999.0;38.0
0;40300;STARFRUIT;5037;1;5036;29;;;5043;30;;;;;5040.0;72.4296875
0;40300;AMETHYSTS;10002;4;9996;1;9995;29;10004;1;10005;29;;;10003.0;38.0
0;40400;STARFRUIT;5037;25;;;;;5043;2;5044;23;;;5040.0;76.9921875
0;40400;AMETHYSTS;9996;2;9995;23;;;10004;2;10005;23;;;10000.0;38.0
0;40500;AMETHYSTS;9996;1;9995;21;;;10004;1;10005;21;;;10000.0;38.0
0;40500;STARFRUIT;5037;22;;;;;5044;22;;;;;5040.5;79.0390625
0;40600;STARFRUIT;5037;28;;;;;5045;28;;;;;5041.0;89.09375
0;40600;AMETHYSTS;10002;1;9995;28;;;10005;28;;;;;10003.5;38.0
0;40700;STARFRUIT;5044;1;5039;6;5038;30;5045;30;;;;;5044.5;96.6875
0;40700;AMETHYSTS;9998;10;9996;1;9995;29;10004;1;10005;29;;;10001.0;40.0
0;40800;STARFRUIT;5038;21;;;;;5045;21;;;;;5041.5;100.640625
0;40800;AMETHYSTS;9995;21;;;;;10005;21;;;;;10000.0;40.0
0;40900;AMETHYSTS;9998;2;9995;25;;;10005;25;;;;;10001.5;40.0
0;40900;STARFRUIT;5040;3;5039;25;;;5046;25;;;;;5043.0;109.7734375
0;41000;STARFRUIT;5039;21;;;;;5042;2;5044;7;5045;1;5040.5;109.125
0;41000;AMETHYSTS;9998;10;9996;1;9995;20;10000;2;10004;1;10005;20;9999.0;40.0
0;41100;AMETHYSTS;9996;2;9995;23;;;10004;2;10005;23;;;10000.0;40.0
0;41100;STARFRUIT;5038;25;;;;;5045;25;;;;;5041.5;100.9609375
0;41200;AMETHYSTS;9995;20;;;;;10005;20;;;;;10000.0;40.0
0;41200;STARFRUIT;5038;20;;;;;5046;20;;;;;5042.0;105.640625
0;41300;AMETHYSTS;9995;27;;;;;10005;27;;;;;10000.0;40.0
0;41300;STARFRUIT;5039;8;5038;27;;;5045;27;;;;;5042.0;101.2578125
0;41400;STARFRUIT;5039;30;;;;;5046;30;;;;;5042.5;112.2890625
0;41400;AMETHYSTS;9996;1;9995;29;;;10004;1;10005;29;;;10000.0;40.0
0;41500;AMETHYSTS;9996;2;9995;29;;;10004;2;10005;29;;;10000.0;40.0
0;41500;STARFRUIT;5039;9;5038;29;;;5045;31;;;;;5042.0;105.03125
0;41600;AMETHYSTS;9995;26;;;;;10005;26;;;;;10000.0;40.0
0;41600;STARFRUIT;5038;26;;;;;5045;26;;;;;5041.5;102.28125
0;41700;AMETHYSTS;9995;23;;;;;10005;23;;;;;10000.0;40.0
0;41700;STARFRUIT;5042;2;5038;23;;;5045;23;;;;;5043.5;96.0703125
0;41800;STARFRUIT;5038;21;;;;;5044;1;5045;21;;;5041.0;94.1171875
0;41800;AMETHYSTS;9996;1;9995;21;;;10004;1;10005;21;;;10000.0;40.0
0;41900;AMETHYSTS;9995;28;;;;;10002;8;10005;28;;;9998.5;40.0
0;41900;STARFRUIT;5038;28;;;;;5045;28;;;;;5041.5;97.75
0;42000;AMETHYSTS;9996;1;9995;27;;;9998;1;10004;1;10005;27;9997.0;40.0
0;42000;STARFRUIT;5038;1;5037;27;;;5044;28;;;;;5041.0;91.1796875
0;42100;AMETHYSTS;10002;2;9995;22;;;10005;22;;;;;10003.5;42.0
0;42100;STARFRUIT;5039;7;5038;22;;;5045;22;;;;;5042.0;94.6640625
0;42200;STARFRUIT;5038;22;;;;;5045;22;;;;;5041.5;104.4765625
0;42200;AMETHYSTS;9995;22;;;;;10005;22;;;;;10000.0;46.0
0;42300;AMETHYSTS;9996;2;9995;20;;;10004;2;10005;20;;;10000.0;46.0
0;42300;STARFRUIT;5039;22;;;;;5045;2;5046;20;;;5042.0;107.890625
0;42400;AMETHYSTS;9996;2;9995;26;;;10002;2;10004;2;10005;26;9999.0;46.0
0;42400;STARFRUIT;5038;28;;;;;5045;28;;;;;5041.5;99.078125
0;42500;AMETHYSTS;9995;24;;;;;10005;24;;;;;10000.0;46.0
0;42500;STARFRUIT;5038;24;;;;;5043;2;5045;24;;;5040.5;98.2421875
0;42600;STARFRUIT;5043;1;5038;28;;;5045;28;;;;;5044.0;94.9609375
0;42600;AMETHYSTS;9995;28;;;;;10005;28;;;;;10000.0;46.0
0;42700;AMETHYSTS;9996;1;9995;23;;;10004;1;10005;23;;;10000.0;46.0
0;42700;STARFRUIT;5038;24;;;;;5044;1;5045;23;;;5041.0;96.546875
0;42800;AMETHYSTS;9995;29;;;;;10000;2;10005;29;;;9997.5;46.0
0;42800;STARFRUIT;5038;29;;;;;5041;2;5045;29;;;5039.5;97.15625
0;42900;AMETHYSTS;10002;5;9995;20;;;10005;20;;;;;10003.5;46.0
0;42900;STARFRUIT;5038;20;;;;;5045;20;;;;;5041.5;98.65625
0;43000;STARFRUIT;5038;27;;;;;5045;27;;;;;5041.5;98.2578125
0;43000;AMETHYSTS;9996;1;9995;26;;;10002;6;10004;1;10005;26;9999.0;46.0
0;43100;AMETHYSTS;9998;9;9996;1;9995;24;10004;1;10005;24;;;10001.0;28.0
0;43100;STARFRUIT;5038;25;;;;;5045;25;;;;;5041.5;101.625
0;43200;AMETHYSTS;9996;2;9995;29;;;10002;5;10004;2;10005;29;9999.0;28.0
0;43200;STARFRUIT;5038;31;;;;;5045;31;;;;;5041.5;99.734375
0;43300;STARFRUIT;5043;1;5037;20;;;5044;20;;;;;5043.5;89.65234375
0;43300;AMETHYSTS;9998;10;9995;20;;;10005;20;;;;;10001.5;32.0
0;43400;AMETHYSTS;9996;2;9995;22;;;10004;2;10005;22;;;10000.0;32.0
0;43400;STARFRUIT;5037;24;;;;;5043;2;5044;22;;;5040.0;86.63671875
0;43500;AMETHYSTS;9996;1;9995;24;;;10002;7;10004;1;10005;24;9999.0;32.0
0;43500;STARFRUIT;5037;6;5036;25;;;5043;25;;;;;5040.0;73.25
0;43600;AMETHYSTS;9995;22;;;;;10002;5;10005;22;;;9998.5;32.0
0;43600;STARFRUIT;5036;22;;;;;5041;1;5043;22;;;5038.5;72.4140625
0;43700;STARFRUIT;5037;1;5036;29;;;5043;30;;;;;5040.0;74.953125
0;43700;AMETHYSTS;9996;1;9995;29;;;10002;6;10004;1;10005;29;9999.0;32.0
0;43800;AMETHYSTS;9996;1;9995;22;;;10004;1;10005;22;;;10000.0;32.0
0;43800;STARFRUIT;5036;23;;;;;5043;23;;;;;5039.5;73.5703125
0;43900;AMETHYSTS;9996;2;9995;24;;;10002;2;10004;2;10005;24;9999.0;32.0
0;43900;STARFRUIT;5037;6;5036;26;;;5043;26;;;;;5040.0;69.4609375
0;44000;AMETHYSTS;10002;4;9998;10;9996;2;10004;2;10005;25;;;10003.0;32.0
0;44000;STARFRUIT;5036;27;;;;;5043;27;;;;;5039.5;68.2578125
0;44100;STARFRUIT;5036;24;;;;;5041;4;5042;2;5043;22;5038.5;66.21875
0;44100;AMETHYSTS;9996;2;9995;22;;;10004;2;10005;22;;;10000.0;40.0
0;44200;AMETHYSTS;9995;24;;;;;10005;24;;;;;10000.0;40.0
0;44200;STARFRUIT;5036;24;;;;;5043;24;;;;;5039.5;71.8671875
0;44300;AMETHYSTS;9996;2;9995;24;;;9998;2;10004;2;10005;24;9997.0;40.0
0;44300;STARFRUIT;5036;26;;;;;5042;2;5043;24;;;5039.0;66.9609375
0;44400;AMETHYSTS;9996;1;9995;25;;;10002;7;10004;1;10005;25;9999.0;44.0
0;44400;STARFRUIT;5037;1;5036;26;;;5043;26;;;;;5040.0;68.3984375
0;44500;STARFRUIT;5036;30;;;;;5043;30;;;;;5039.5;68.171875
0;44500;AMETHYSTS;9995;30;;;;;10005;30;;;;;10000.0;44.0
0;44600;AMETHYSTS;9996;1;9995;21;;;10004;1;10005;21;;;10000.0;44.0
0;44600;STARFRUIT;5037;22;;;;;5043;1;5044;21;;;5040.0;78.5703125
0;44700;AMETHYSTS;9996;2;9995;25;;;10004;2;10005;25;;;10000.0;44.0
0;44700;STARFRUIT;5037;27;;;;;5042;6;5044;27;;;5039.5;83.3203125
0;44800;AMETHYSTS;9995;25;;;;;10005;25;;;;;10000.0;44.0
0;44800;STARFRUIT;5037;25;;;;;5042;3;5044;25;;;5039.5;78.6640625
0;44900;STARFRUIT;5037;2;5036;21;;;5043;23;;;;;5040.0;77.0
0;44900;AMETHYSTS;9996;2;9995;21;;;10004;2;10005;21;;;10000.0;44.0
0;45000;AMETHYSTS;9996;1;9995;27;;;10004;1;10005;27;;;10000.0;44.0
0;45000;STARFRUIT;5036;28;;;;;5037;1;5043;28;;;5036.5;72.140625
0;45100;AMETHYSTS;9995;27;;;;;9998;1;10005;27;;;9996.5;44.0
0;45100;STARFRUIT;5036;27;;;;;5043;27;;;;;5039.5;78.484375
0;45200;AMETHYSTS;10002;1;9996;1;9995;20;10004;1;10005;20;;;10003.0;46.0
0;45200;STARFRUIT;5036;20;;;;;5043;1;5044;20;;;5039.5;80.7109375
0;45300;STARFRUIT;5037;22;;;;;5044;23;;;;;5040.5;87.328125
0;45300;AMETHYSTS;9995;23;;;;;10005;23;;;;;10000.0;48.0
0;45400;AMETHYSTS;9998;4;9995;25;;;10005;25;;;;;10001.5;48.0
0;45400;STARFRUIT;5037;25;;;;;5044;25;;;;;5040.5;90.4296875
0;45500;AMETHYSTS;9996;1;9995;20;;;9998;3;10004;1;10005;20;9997.0;48.0
0;45500;STARFRUIT;5036;21;;;;;5037;3;5043;21;;;5036.5;70.3046875
0;45600;AMETHYSTS;9996;1;9995;23;;;10004;1;10005;23;;;10000.0;54.0
0;45600;STARFRUIT;5037;1;5036;23;;;5041;6;5043;24;;;5039.0;85.9140625
0;45700;STARFRUIT;5037;2;5036;21;;;5043;23;;;;;5040.0;84.03125
0;45700;AMETHYSTS;10002;1;9996;2;9995;21;10004;2;10005;21;;;10003.0;54.0
0;45800;AMETHYSTS;10000;5;9998;7;9996;2;10004;2;10005;30;;;10002.0;56.0
0;45800;STARFRUIT;5040;5;5037;32;;;5044;32;;;;;5042.0;94.109375
0;45900;AMETHYSTS;9998;8;9996;1;9995;25;10004;1;10005;25;;;10001.0;56.0
0;45900;STARFRUIT;5037;25;;;;;5044;26;;;;;5040.5;103.578125
0;46000;AMETHYSTS;9995;23;;;;;9998;1;10005;23;;;9996.5;56.0
0;46000;STARFRUIT;5037;23;;;;;5044;23;;;;;5040.5;99.4453125
0;46100;STARFRUIT;5039;4;5038;25;;;5045;25;;;;;5042.0;107.4296875
0;46100;AMETHYSTS;9995;25;;;;;10005;25;;;;;10000.0;58.0
0;46200;AMETHYSTS;9995;24;;;;;10005;24;;;;;10000.0;58.0
0;46200;STARFRUIT;5039;4;5038;24;;;5045;24;;;;;5042.0;108.65625
0;46300;AMETHYSTS;9996;2;9995;26;;;10004;2;10005;26;;;10000.0;58.0
0;46300;STARFRUIT;5039;2;5038;26;;;5045;28;;;;;5042.0;120.0859375
0;46400;AMETHYSTS;9995;24;;;;;10005;24;;;;;10000.0;58.0
0;46400;STARFRUIT;5044;1;5038;24;;;5045;24;;;;;5044.5;115.8359375
0;46500;STARFRUIT;5042;2;5038;30;;;5045;30;;;;;5043.5;112.3984375
0;46500;AMETHYSTS;9996;1;9995;29;;;9998;1;10004;1;10005;29;9997.0;58.0
0;46600;AMETHYSTS;9998;1;9995;28;;;10005;28;;;;;10001.5;60.0
0;46600;STARFRUIT;5044;1;5040;4;5039;28;5046;28;;;;;5045.0;124.4921875
0;46700;AMETHYSTS;9996;1;9995;29;;;10004;1;10005;29;;;10000.0;56.0
0;46700;STARFRUIT;5038;30;;;;;5045;30;;;;;5041.5;120.046875
0;46800;AMETHYSTS;9995;25;;;;;10005;25;;;;;10000.0;56.0
0;46800;STARFRUIT;5038;25;;;;;5045;25;;;;;5041.5;122.3828125
0;46900;STARFRUIT;5039;30;;;;;5040;10;5045;1;5046;29;5039.5;126.8125
0;46900;AMETHYSTS;9996;1;9995;29;;;10002;3;10004;1;10005;29;9999.0;56.0
0;47000;AMETHYSTS;9996;1;9995;22;;;10004;1;10005;22;;;10000.0;56.0
0;47000;STARFRUIT;5039;23;;;;;5045;1;5046;22;;;5042.0;127.96875
0;47100;AMETHYSTS;9995;22;;;;;9998;1;10005;22;;;9996.5;56.0
0;47100;STARFRUIT;5039;22;;;;;5046;22;;;;;5042.5;131.890625
0;47200;AMETHYSTS;9996;2;9995;21;;;10004;2;10005;21;;;10000.0;58.0
0;47200;STARFRUIT;5044;1;5039;23;;;5046;23;;;;;5045.0;128.5859375
0;47300;STARFRUIT;5040;5;5039;21;;;5046;21;;;;;5043.0;131.6171875
0;47300;AMETHYSTS;9995;21;;;;;10005;21;;;;;10000.0;58.0
0;47400;AMETHYSTS;9998;7;9995;22;;;10005;22;;;;;10001.5;58.0
0;47400;STARFRUIT;5043;5;5038;22;;;5045;22;;;;;5044.0;116.4921875
0;47500;AMETHYSTS;9996;1;9995;21;;;9998;1;10004;1;10005;21;9997.0;58.0
0;47500;STARFRUIT;5037;22;;;;;5042;5;5044;22;;;5039.5;108.9375
0;47600;STARFRUIT;5037;21;;;;;5044;21;;;;;5040.5;107.5078125
0;47600;AMETHYSTS;9998;5;9995;21;;;10005;21;;;;;10001.5;60.0
0;47700;STARFRUIT;5037;23;;;;;5042;4;5044;23;;;5039.5;107.796875
0;47700;AMETHYSTS;9998;1;9995;23;;;10005;23;;;;;10001.5;44.0
0;47800;STARFRUIT;5038;20;;;;;5043;7;5045;20;;;5040.5;113.6796875
0;47800;AMETHYSTS;9995;20;;;;;10005;20;;;;;10000.0;44.0
0;47900;AMETHYSTS;9995;23;;;;;10005;23;;;;;10000.0;44.0
0;47900;STARFRUIT;5037;23;;;;;5044;23;;;;;5040.5;99.9453125
0;48000;STARFRUIT;5037;27;;;;;5044;27;;;;;5040.5;103.359375
0;48000;AMETHYSTS;10002;2;9996;1;9995;26;10004;1;10005;26;;;10003.0;44.0
0;48100;STARFRUIT;5037;30;;;;;5042;1;5044;30;;;5039.5;104.4296875
0;48100;AMETHYSTS;9996;1;9995;29;;;10004;1;10005;29;;;10000.0;48.0
0;48200;STARFRUIT;5038;2;5037;26;;;5044;27;;;;;5041.0;111.9375
0;48200;AMETHYSTS;9996;1;9995;26;;;10004;1;10005;26;;;10000.0;48.0
0;48300;AMETHYSTS;9998;4;9996;1;9995;20;10004;1;10005;20;;;10001.0;48.0
0;48300;STARFRUIT;5037;21;;;;;5038;4;5044;21;;;5037.5;106.15625
0;48400;STARFRUIT;5037;32;;;;;5042;6;5044;32;;;5039.5;118.140625
0;48400;AMETHYSTS;9996;2;9995;30;;;10004;2;10005;30;;;10000.0;48.0
0;48500;STARFRUIT;5037;29;;;;;5044;29;;;;;5040.5;112.34375
0;48500;AMETHYSTS;9995;29;;;;;10005;29;;;;;10000.0;48.0
0;48600;STARFRUIT;5037;1;5036;26;;;5043;1;5044;26;;;5040.0;106.8671875
0;48600;AMETHYSTS;9996;1;9995;26;;;10004;1;10005;26;;;10000.0;48.0
0;48700;AMETHYSTS;9996;1;9995;22;;;10000;2;10004;1;10005;22;9998.0;48.0
0;48700;STARFRUIT;5036;23;;;;;5039;2;5043;23;;;5037.5;102.875
0;48800;STARFRUIT;5036;29;;;;;5043;29;;;;;5039.5;101.3125
0;48800;AMETHYSTS;9996;1;9995;28;;;10004;1;10005;28;;;10000.0;48.0
0;48900;STARFRUIT;5036;21;;;;;5043;22;;;;;5039.5;94.40625
0;48900;AMETHYSTS;9995;22;;;;;10005;22;;;;;10000.0;48.0
0;49000;STARFRUIT;5035;29;;;;;5042;29;;;;;5038.5;80.609375
0;49000;AMETHYSTS;9996;1;9995;28;;;10004;1;10005;28;;;10000.0;48.0
0;49100;AMETHYSTS;9995;30;;;;;10005;30;;;;;10000.0;52.0
0;49100;STARFRUIT;5035;30;;;;;5042;30;;;;;5038.5;77.8984375
0;49200;STARFRUIT;5034;26;;;;;5041;26;;;;;5037.5;61.8046875
0;49200;AMETHYSTS;10002;3;9996;1;9995;25;10004;1;10005;25;;;10003.0;52.0
0;49300;STARFRUIT;5035;6;5034;29;;;5041;29;;;;;5038.0;68.015625
0;49300;AMETHYSTS;9998;3;9995;29;;;10005;29;;;;;10001.5;58.0
0;49400;STARFRUIT;5035;23;;;;;5042;23;;;;;5038.5;78.984375
0;49400;AMETHYSTS;9996;1;9995;22;;;10004;1;10005;22;;;10000.0;58.0
0;49500;AMETHYSTS;9996;1;9995;24;;;10004;1;10005;24;;;10000.0;58.0
0;49500;STARFRUIT;5035;25;;;;;5041;1;5042;24;;;5038.0;72.1328125
0;49600;STARFRUIT;5036;2;5035;28;;;5038;3;5042;30;;;5037.0;85.765625
0;49600;AMETHYSTS;9996;2;9995;28;;;10000;3;10002;9;10004;2;9998.0;58.0
0;49700;STARFRUIT;5041;1;5036;6;5035;21;5042;21;;;;;5041.5;87.03125
0;49700;AMETHYSTS;9995;21;;;;;10005;21;;;;;10000.0;58.0
0;49800;AMETHYSTS;9995;20;;;;;10002;7;10005;20;;;9998.5;58.0
0;49800;STARFRUIT;5036;20;;;;;5037;1;5043;20;;;5036.5;101.5234375
0;49900;AMETHYSTS;9996;1;9995;23;;;10004;1;10005;23;;;10000.0;58.0
0;49900;STARFRUIT;5038;5;5037;24;;;5044;24;;;;;5041.0;119.1015625
0;50000;STARFRUIT;5037;26;;;;;5044;26;;;;;5040.5;109.01171875
0;50000;AMETHYSTS;9996;2;9995;24;;;10002;5;10004;2;10005;24;9999.0;58.0
0;50100;AMETHYSTS;10002;4;9996;2;9995;22;10004;2;10005;22;;;10003.0;58.0
0;50100;STARFRUIT;5037;24;;;;;5043;2;5044;22;;;5040.0;103.83203125
0;50200;AMETHYSTS;9996;1;9995;28;;;10004;1;10005;28;;;10000.0;58.0
0;50200;STARFRUIT;5036;29;;;;;5043;29;;;;;5039.5;95.9140625
0;50300;AMETHYSTS;9995;23;;;;;10005;23;;;;;10000.0;58.0
0;50300;STARFRUIT;5036;23;;;;;5041;4;5043;23;;;5038.5;99.92578125
0;50400;STARFRUIT;5037;2;5036;23;;;5038;3;5043;23;;;5037.5;97.58984375
0;50400;AMETHYSTS;9996;2;9995;21;;;10004;2;10005;21;;;10000.0;58.0
0;50500;AMETHYSTS;10000;4;9998;7;9996;1;10004;1;10005;27;;;10002.0;58.0
0;50500;STARFRUIT;5039;4;5036;28;;;5043;28;;;;;5041.0;99.5859375
0;50600;AMETHYSTS;9998;7;9996;2;9995;22;10000;5;10004;2;10005;22;9999.0;58.0
0;50600;STARFRUIT;5036;24;;;;;5039;4;5043;24;;;5037.5;96.34375
0;50700;AMETHYSTS;9998;9;9995;20;;;10005;20;;;;;10001.5;58.0
0;50700;STARFRUIT;5036;20;;;;;5043;20;;;;;5039.5;97.140625
0;50800;STARFRUIT;5037;2;5036;26;;;5043;28;;;;;5040.0;103.7421875
0;50800;AMETHYSTS;9998;7;9996;2;9995;26;10004;2;10005;26;;;10001.0;58.0
0;50900;AMETHYSTS;9998;2;9995;30;;;10000;5;10005;30;;;9999.0;58.0
0;50900;STARFRUIT;5036;30;;;;;5037;1;5039;5;5043;30;5036.5;105.2890625
0;51000;AMETHYSTS;9996;2;9995;23;;;10004;2;10005;23;;;10000.0;58.0
0;51000;STARFRUIT;5037;25;;;;;5043;2;5044;23;;;5040.0;110.7109375
0;51100;AMETHYSTS;9995;29;;;;;10002;1;10005;29;;;9998.5;58.0
0;51100;STARFRUIT;5038;3;5037;29;;;5044;29;;;;;5041.0;122.328125
0;51200;STARFRUIT;5037;30;;;;;5044;30;;;;;5040.5;121.7265625
0;51200;AMETHYSTS;9995;30;;;;;10005;30;;;;;10000.0;58.0
0;51300;AMETHYSTS;9996;2;9995;23;;;9998;5;10002;5;10004;2;9997.0;58.0
0;51300;STARFRUIT;5038;2;5037;23;;;5044;25;;;;;5041.0;123.875
0;51400;AMETHYSTS;9996;1;9995;22;;;10004;1;10005;22;;;10000.0;68.0
0;51400;STARFRUIT;5037;23;;;;;5042;5;5044;23;;;5039.5;117.484375
0;51500;AMETHYSTS;9995;21;;;;;10005;21;;;;;10000.0;68.0
0;51500;STARFRUIT;5037;21;;;;;5044;21;;;;;5040.5;121.9140625
0;51600;STARFRUIT;5042;3;5038;2;5037;21;5044;23;;;;;5043.0;123.3359375
0;51600;AMETHYSTS;9996;2;9995;21;;;10002;5;10004;2;10005;21;9999.0;68.0
0;51700;AMETHYSTS;9996;2;9995;30;;;10004;2;10005;30;;;10000.0;68.0
0;51700;STARFRUIT;5038;2;5037;30;;;5044;32;;;;;5041.0;127.015625
0;51800;AMETHYSTS;9995;25;;;;;10005;25;;;;;10000.0;68.0
0;51800;STARFRUIT;5037;25;;;;;5044;25;;;;;5040.5;124.28125
0;51900;AMETHYSTS;9996;2;9995;26;;;10004;2;10005;26;;;10000.0;68.0
0;51900;STARFRUIT;5037;28;;;;;5044;28;;;;;5040.5;119.734375
0;52000;AMETHYSTS;9998;2;9995;21;;;10000;5;10005;21;;;9999.0;68.0
0;52000;STARFRUIT;5038;5;5037;21;;;5040;5;5044;21;;;5039.0;123.6484375
0;52100;AMETHYSTS;9996;1;9995;27;;;10004;1;10005;27;;;10000.0;68.0
0;52100;STARFRUIT;5038;1;5037;27;;;5044;28;;;;;5041.0;127.4375
0;52200;AMETHYSTS;9995;23;;;;;10005;23;;;;;10000.0;68.0
0;52200;STARFRUIT;5037;22;;;;;5044;23;;;;;5040.5;122.8125
0;52300;STARFRUIT;5037;30;;;;;5044;30;;;;;5040.5;126.4296875
0;52300;AMETHYSTS;9995;30;;;;;10005;30;;;;;10000.0;68.0
0;52400;AMETHYSTS;10002;3;9996;1;9995;20;10004;1;10005;20;;;10003.0;68.0
0;52400;STARFRUIT;5038;1;5037;21;;;5040;4;5044;21;;;5039.0;126.0
0;52500;AMETHYSTS;9996;2;9995;25;;;10004;2;10005;25;;;10000.0;74.0
0;52500;STARFRUIT;5037;27;;;;;5043;2;5044;25;;;5040.0;118.734375
0;52600;AMETHYSTS;9996;1;9995;30;;;10004;1;10005;30;;;10000.0;74.0
0;52600;STARFRUIT;5037;31;;;;;5043;1;5044;30;;;5040.0;116.625
0;52700;STARFRUIT;5042;1;5037;25;;;5043;1;5044;24;;;5042.5;117.5625
0;52700;AMETHYSTS;9996;1;9995;24;;;10002;9;10004;1;10005;24;9999.0;82.0
0;52800;AMETHYSTS;9996;2;9995;26;;;10004;2;10005;26;;;10000.0;82.0
0;52800;STARFRUIT;5042;1;5037;28;;;5044;28;;;;;5043.0;121.9765625
0;52900;AMETHYSTS;9996;1;9995;26;;;10002;3;10004;1;10005;26;9999.0;82.0
0;52900;STARFRUIT;5036;27;;;;;5043;27;;;;;5039.5;109.140625
0;53000;AMETHYSTS;9996;1;9995;29;;;10004;1;10005;29;;;10000.0;82.0
0;53000;STARFRUIT;5036;1;5035;29;;;5042;30;;;;;5039.0;98.0625
0;53100;STARFRUIT;5036;2;5035;21;;;5042;2;5043;21;;;5039.0;100.9609375
0;53100;AMETHYSTS;9996;2;9995;21;;;9998;5;10004;2;10005;21;9997.0;82.0
0;53200;AMETHYSTS;9995;23;;;;;10005;23;;;;;10000.0;92.0
0;53200;STARFRUIT;5041;1;5036;23;;;5043;23;;;;;5042.0;108.171875
0;53300;AMETHYSTS;9995;20;;;;;10005;20;;;;;10000.0;92.0
0;53300;STARFRUIT;5036;20;;;;;5043;20;;;;;5039.5;104.7421875
0;53400;AMETHYSTS;9996;2;9995;30;;;9998;1;10004;2;10005;30;9997.0;92.0
0;53400;STARFRUIT;5038;7;5037;32;;;5044;32;;;;;5041.0;124.1328125
0;53500;STARFRUIT;5037;25;;;;;5042;2;5044;25;;;5039.5;127.203125
0;53500;AMETHYSTS;9995;25;;;;;10002;7;10005;25;;;9998.5;94.0
0;53600;AMETHYSTS;9998;2;9996;1;9995;22;10004;1;10005;22;;;10001.0;94.0
0;53600;STARFRUIT;5037;23;;;;;5044;23;;;;;5040.5;129.484375
0;53700;AMETHYSTS;9995;23;;;;;10005;23;;;;;10000.0;94.0
0;53700;STARFRUIT;5038;1;5037;23;;;5044;23;;;;;5041.0;127.921875
0;53800;AMETHYSTS;9998;8;9995;29;;;10005;29;;;;;10001.5;94.0
0;53800;STARFRUIT;5037;29;;;;;5044;29;;;;;5040.5;122.8359375
0;53900;STARFRUIT;5038;1;5037;25;;;5040;4;5044;26;;;5039.0;132.1953125
0;53900;AMETHYSTS;9996;1;9995;25;;;10000;4;10002;8;10004;1;9998.0;94.0
0;54000;AMETHYSTS;9996;1;9995;21;;;10002;1;10004;1;10005;21;9999.0;94.0
0;54000;STARFRUIT;5038;7;5037;22;;;5044;22;;;;;5041.0;127.015625
0;54100;AMETHYSTS;9996;1;9995;21;;;10004;1;10005;21;;;10000.0;94.0
0;54100;STARFRUIT;5038;4;5037;22;;;5043;1;5044;21;;;5040.5;120.3671875
0;54200;AMETHYSTS;9996;1;9995;20;;;10004;1;10005;20;;;10000.0;98.0
0;54200;STARFRUIT;5037;20;;;;;5043;1;5044;20;;;5040.0;120.0
0;54300;STARFRUIT;5037;28;;;;;5043;2;5044;26;;;5040.0;120.0703125
0;54300;AMETHYSTS;10002;1;9996;2;9995;26;10004;2;10005;26;;;10003.0;98.0
0;54400;AMETHYSTS;9995;22;;;;;10005;22;;;;;10000.0;100.0
0;54400;STARFRUIT;5037;22;;;;;5044;22;;;;;5040.5;133.265625
0;54500;AMETHYSTS;9996;2;9995;27;;;10002;2;10004;2;10005;27;9999.0;100.0
0;54500;STARFRUIT;5038;29;;;;;5045;29;;;;;5041.5;138.8203125
0;54600;AMETHYSTS;10002;2;9996;1;9995;29;10004;1;10005;29;;;10003.0;100.0
0;54600;STARFRUIT;5038;30;;;;;5045;30;;;;;5041.5;142.2421875
0;54700;STARFRUIT;5038;1;5037;22;;;5044;1;5045;22;;;5041.0;134.890625
0;54700;AMETHYSTS;9996;1;9995;22;;;10004;1;10005;22;;;10000.0;104.0
0;54800;AMETHYSTS;9996;2;9995;23;;;10004;2;10005;23;;;10000.0;112.0
0;54800;STARFRUIT;5039;9;5038;23;;;5045;25;;;;;5042.0;149.640625
0;54900;AMETHYSTS;9996;2;9995;22;;;10004;2;10005;22;;;10000.0;112.0
0;54900;STARFRUIT;5038;24;;;;;5043;1;5045;24;;;5040.5;147.25
0;55000;AMETHYSTS;9996;2;9995;20;;;10004;2;10005;20;;;10000.0;112.0
0;55000;STARFRUIT;5039;2;5038;20;;;5043;7;5045;22;;;5041.0;150.3046875
0;55100;STARFRUIT;5039;26;;;;;5045;2;5046;24;;;5042.0;154.1484375
0;55100;AMETHYSTS;9996;2;9995;24;;;10004;2;10005;24;;;10000.0;112.0
0;55200;AMETHYSTS;9998;8;9996;1;9995;25;10004;1;10005;25;;;10001.0;112.0
0;55200;STARFRUIT;5038;25;;;;;5045;26;;;;;5041.5;150.9140625
0;55300;AMETHYSTS;9995;22;;;;;10002;5;10005;22;;;9998.5;112.0
0;55300;STARFRUIT;5039;22;;;;;5044;3;5046;22;;;5041.5;154.8203125
0;55400;AMETHYSTS;9998;7;9996;1;9995;27;10004;1;10005;27;;;10001.0;112.0
0;55400;STARFRUIT;5039;6;5038;27;;;5045;28;;;;;5042.0;152.1328125
0;55500;STARFRUIT;5039;2;5038;22;;;5043;2;5045;24;;;5041.0;150.484375
0;55500;AMETHYSTS;9996;2;9995;22;;;10004;2;10005;22;;;10000.0;112.0
0;55600;AMETHYSTS;9995;23;;;;;10002;9;10005;23;;;9998.5;112.0
0;55600;STARFRUIT;5038;23;;;;;5045;23;;;;;5041.5;150.5078125
0;55700;AMETHYSTS;9996;1;9995;21;;;10002;7;10004;1;10005;21;9999.0;112.0
0;55700;STARFRUIT;5038;22;;;;;5045;22;;;;;5041.5;147.09375
0;55800;AMETHYSTS;9996;1;9995;25;;;10004;1;10005;25;;;10000.0;112.0
0;55800;STARFRUIT;5039;8;5038;26;;;5045;26;;;;;5042.0;148.5859375
0;55900;STARFRUIT;5041;4;5038;20;;;5045;20;;;;;5043.0;146.0859375
0;55900;AMETHYSTS;9995;20;;;;;10005;20;;;;;10000.0;112.0
0;56000;AMETHYSTS;10000;2;9996;1;9995;24;10002;6;10004;1;10005;24;10001.0;112.0
0;56000;STARFRUIT;5041;2;5038;25;;;5043;7;5045;25;;;5042.0;146.0
0;56100;AMETHYSTS;9996;1;9995;27;;;9998;1;10002;3;10004;1;9997.0;112.0
0;56100;STARFRUIT;5038;28;;;;;5044;1;5045;27;;;5041.0;138.953125
0;56200;AMETHYSTS;9996;1;9995;30;;;10000;4;10004;1;10005;30;9998.0;114.0
0;56200;STARFRUIT;5038;31;;;;;5041;4;5044;1;5045;30;5039.5;140.375
0;56300;STARFRUIT;5038;28;;;;;5045;28;;;;;5041.5;140.984375
0;56300;AMETHYSTS;9995;28;;;;;10005;28;;;;;10000.0;114.0
0;56400;STARFRUIT;5038;29;;;;;5045;29;;;;;5041.5;141.453125
0;56400;AMETHYSTS;9996;2;9995;27;;;10004;2;10005;27;;;10000.0;114.0
0;56500;AMETHYSTS;9995;21;;;;;10002;9;10005;21;;;9998.5;114.0
0;56500;STARFRUIT;5038;21;;;;;5045;21;;;;;5041.5;144.1484375
0;56600;STARFRUIT;5038;2;5037;28;;;5043;3;5044;2;5045;28;5040.5;137.8515625
0;56600;AMETHYSTS;9996;2;9995;28;;;10002;2;10004;2;10005;28;9999.0;114.0
0;56700;STARFRUIT;5038;2;5037;27;;;5039;4;5044;27;;;5038.5;136.4140625
0;56700;AMETHYSTS;9998;5;9995;27;;;10005;27;;;;;10001.5;114.0
0;56800;STARFRUIT;5038;8;5037;23;;;5044;23;;;;;5041.0;132.5703125
0;56800;AMETHYSTS;9995;23;;;;;10005;23;;;;;10000.0;114.0
0;56900;AMETHYSTS;9996;1;9995;20;;;10004;1;10005;20;;;10000.0;114.0
0;56900;STARFRUIT;5037;21;;;;;5044;21;;;;;5040.5;128.953125
0;57000;STARFRUIT;5037;22;;;;;5044;22;;;;;5040.5;133.7890625
0;57000;AMETHYSTS;9996;2;9995;20;;;10002;10;10004;2;10005;20;9999.0;114.0
0;57100;STARFRUIT;5043;1;5037;24;;;5045;24;;;;;5044.0;138.2421875
0;57100;AMETHYSTS;9998;6;9995;24;;;10005;24;;;;;10001.5;114.0
0;57200;STARFRUIT;5038;1;5037;25;;;5044;26;;;;;5041.0;137.328125
0;57200;AMETHYSTS;9998;5;9996;1;9995;25;10004;1;10005;25;;;10001.0;114.0
0;57300;AMETHYSTS;9996;1;9995;30;;;10004;1;10005;30;;;10000.0;114.0
0;57300;STARFRUIT;5038;31;;;;;5043;1;5044;1;5045;30;5040.5;142.578125
0;57400;STARFRUIT;5038;28;;;;;5044;1;5045;27;;;5041.0;142.953125
0;57400;AMETHYSTS;9996;1;9995;27;;;10004;1;10005;27;;;10000.0;114.0
0;57500;STARFRUIT;5038;2;5037;21;;;5044;21;;;;;5041.0;139.328125
0;57500;AMETHYSTS;9995;21;;;;;10005;21;;;;;10000.0;114.0
0;57600;STARFRUIT;5040;5;5038;2;5037;20;5044;22;;;;;5042.0;138.53125
0;57600;AMETHYSTS;10000;4;9996;2;9995;20;10004;2;10005;20;;;10002.0;114.0
0;57700;AMETHYSTS;9998;2;9996;1;9995;21;10004;1;10005;21;;;10001.0;114.0
0;57700;STARFRUIT;5037;22;;;;;5044;22;;;;;5040.5;131.28125
0;57800;STARFRUIT;5038;7;5037;28;;;5044;28;;;;;5041.0;134.5
0;57800;AMETHYSTS;9996;2;9995;26;;;10002;4;10004;2;10005;26;9999.0;114.0
0;57900;STARFRUIT;5037;2;5036;26;;;5038;5;5043;28;;;5037.5;125.2890625
0;57900;AMETHYSTS;9996;2;9995;26;;;10004;2;10005;26;;;10000.0;114.0
0;58000;STARFRUIT;5037;28;;;;;5044;28;;;;;5040.5;129.3046875
0;58000;AMETHYSTS;9995;28;;;;;10005;28;;;;;10000.0;114.0
0;58100;AMETHYSTS;9998;7;9995;20;;;10005;20;;;;;10001.5;114.0
0;58100;STARFRUIT;5037;20;;;;;5044;20;;;;;5040.5;131.9375
0;58200;STARFRUIT;5037;29;;;;;5043;2;5044;27;;;5040.0;128.03125
0;58200;AMETHYSTS;9996;2;9995;27;;;10004;2;10005;27;;;10000.0;114.0
0;58300;STARFRUIT;5037;2;5036;28;;;5043;30;;;;;5040.0;124.484375
0;58300;AMETHYSTS;9996;2;9995;28;;;10004;2;10005;28;;;10000.0;114.0
0;58400;STARFRUIT;5037;25;;;;;5044;25;;;;;5040.5;128.359375
0;58400;AMETHYSTS;9995;25;;;;;10005;25;;;;;10000.0;114.0
0;58500;AMETHYSTS;9998;3;9996;2;9995;20;10004;2;10005;20;;;10001.0;114.0
0;58500;STARFRUIT;5038;2;5037;20;;;5042;2;5044;22;;;5040.0;137.140625
0;58600;STARFRUIT;5038;23;;;;;5045;23;;;;;5041.5;144.9375
0;58600;AMETHYSTS;9996;1;9995;22;;;10004;1;10005;22;;;10000.0;114.0
0;58700;AMETHYSTS;9996;1;9995;29;;;9998;1;10000;4;10004;1;9997.0;114.0
0;58700;STARFRUIT;5038;30;;;;;5041;4;5044;1;5045;29;5039.5;142.65625
0;58800;AMETHYSTS;9996;1;9995;30;;;10004;1;10005;30;;;10000.0;116.0
0;58800;STARFRUIT;5038;1;5037;30;;;5042;5;5044;31;;;5040.0;137.5625
0;58900;AMETHYSTS;9996;2;9995;23;;;10004;2;10005;23;;;10000.0;120.0
0;58900;STARFRUIT;5043;1;5037;25;;;5044;25;;;;;5043.5;133.8984375
0;59000;STARFRUIT;5038;1;5037;23;;;5044;1;5045;23;;;5041.0;143.6171875
0;59000;AMETHYSTS;9996;1;9995;23;;;10004;1;10005;23;;;10000.0;120.0
0;59100;AMETHYSTS;9998;7;9996;1;9995;20;10004;1;10005;20;;;10001.0;120.0
0;59100;STARFRUIT;5038;1;5037;20;;;5044;21;;;;;5041.0;142.375
0;59200;AMETHYSTS;10002;1;9996;2;9995;23;10004;2;10005;23;;;10003.0;120.0
0;59200;STARFRUIT;5042;10;5038;10;5037;23;5044;25;;;;;5043.0;140.671875
0;59300;AMETHYSTS;9998;5;9995;22;;;10005;22;;;;;10001.5;122.0
0;59300;STARFRUIT;5036;22;;;;;5044;22;;;;;5040.0;148.00390625
0;59400;STARFRUIT;5036;23;;;;;5043;23;;;;;5039.5;146.45703125
0;59400;AMETHYSTS;10002;1;9995;23;;;10005;23;;;;;10003.5;122.0
0;59500;AMETHYSTS;9996;2;9995;22;;;10004;2;10005;22;;;10000.0;124.0
0;59500;STARFRUIT;5037;2;5036;22;;;5043;2;5044;22;;;5040.0;147.98828125
0;59600;AMETHYSTS;10002;1;9996;1;9995;24;10004;1;10005;24;;;10003.0;124.0
0;59600;STARFRUIT;5037;25;;;;;5044;25;;;;;5040.5;150.2578125
0;59700;AMETHYSTS;9996;1;9995;25;;;10004;1;10005;25;;;10000.0;126.0
0;59700;STARFRUIT;5044;1;5038;26;;;5045;26;;;;;5044.5;157.30859375
0;59800;STARFRUIT;5038;24;;;;;5045;24;;;;;5041.5;160.103515625
0;59800;AMETHYSTS;9998;9;9996;2;9995;22;10004;2;10005;22;;;10001.0;126.0
0;59900;AMETHYSTS;9996;2;9995;23;;;10004;2;10005;23;;;10000.0;126.0
0;59900;STARFRUIT;5038;2;5037;23;;;5042;4;5044;25;;;5040.0;156.201171875
0;60000;AMETHYSTS;9996;1;9995;25;;;9998;3;10002;10;10004;1;9997.0;126.0
0;60000;STARFRUIT;5038;5;5037;26;;;5044;26;;;;;5041.0;155.71875
0;60100;AMETHYSTS;9996;1;9995;27;;;10004;1;10005;27;;;10000.0;132.0
0;60100;STARFRUIT;5037;28;;;;;5044;28;;;;;5040.5;154.763671875
0;60200;STARFRUIT;5037;26;;;;;5044;26;;;;;5040.5;154.501953125
0;60200;AMETHYSTS;9996;1;9995;25;;;10004;1;10005;25;;;10000.0;132.0
0;60300;AMETHYSTS;9998;3;9996;1;9995;23;10004;1;10005;23;;;10001.0;132.0
0;60300;STARFRUIT;5037;24;;;;;5044;24;;;;;5040.5;154.25
0;60400;AMETHYSTS;9996;2;9995;22;;;9998;1;10004;2;10005;22;9997.0;132.0
0;60400;STARFRUIT;5037;24;;;;;5043;2;5044;22;;;5040.0;152.583984375
0;60500;AMETHYSTS;9995;25;;;;;10000;2;10005;25;;;9997.5;136.0
0;60500;STARFRUIT;5037;25;;;;;5040;2;5044;25;;;5038.5;152.44921875
0;60600;STARFRUIT;5037;21;;;;;5043;1;5044;21;;;5040.0;153.0859375
0;60600;AMETHYSTS;9996;1;9995;21;;;10004;1;10005;21;;;10000.0;136.0
0;60700;AMETHYSTS;9998;10;9995;24;;;10005;24;;;;;10001.5;144.0
0;60700;STARFRUIT;5042;9;5037;24;;;5044;24;;;;;5043.0;154.716796875
0;60800;AMETHYSTS;9996;2;9995;26;;;10004;2;10005;26;;;10000.0;144.0
0;60800;STARFRUIT;5043;1;5037;28;;;5044;28;;;;;5043.5;167.1015625
0;60900;STARFRUIT;5043;1;5037;29;;;5044;29;;;;;5043.5;166.865234375
0;60900;AMETHYSTS;9998;10;9995;29;;;10005;29;;;;;10001.5;144.0
0;61000;AMETHYSTS;9996;1;9995;25;;;9998;1;10004;1;10005;25;9997.0;144.0
0;61000;STARFRUIT;5037;26;;;;;5044;26;;;;;5040.5;167.107421875
0;61100;AMETHYSTS;9996;2;9995;29;;;10004;2;10005;29;;;10000.0;146.0
0;61100;STARFRUIT;5037;31;;;;;5044;31;;;;;5040.5;168.958984375
0;61200;AMETHYSTS;9998;1;9995;22;;;10005;22;;;;;10001.5;146.0
0;61200;STARFRUIT;5038;5;5037;22;;;5039;3;5044;22;;;5038.5;167.0625
0;61300;STARFRUIT;5036;27;;;;;5043;27;;;;;5039.5;173.20068359375
0;61300;AMETHYSTS;9995;27;;;;;10005;27;;;;;10000.0;146.0
0;61400;AMETHYSTS;9995;28;;;;;10005;28;;;;;10000.0;146.0
0;61400;STARFRUIT;5037;28;;;;;5044;28;;;;;5040.5;172.7333984375
0;61500;AMETHYSTS;9998;4;9995;22;;;10005;22;;;;;10001.5;146.0
0;61500;STARFRUIT;5042;1;5037;22;;;5044;22;;;;;5043.0;172.87158203125
0;61600;AMETHYSTS;9996;1;9995;27;;;10004;1;10005;27;;;10000.0;146.0
0;61600;STARFRUIT;5037;28;;;;;5044;28;;;;;5040.5;173.8291015625
0;61700;STARFRUIT;5037;23;;;;;5044;23;;;;;5040.5;173.5859375
0;61700;AMETHYSTS;9996;2;9995;21;;;10004;2;10005;21;;;10000.0;146.0
0;61800;AMETHYSTS;9996;2;9995;24;;;10004;2;10005;24;;;10000.0;146.0
0;61800;STARFRUIT;5037;26;;;;;5038;1;5044;26;;;5037.5;173.830078125
0;61900;AMETHYSTS;9995;28;;;;;10002;8;10005;28;;;9998.5;146.0
0;61900;STARFRUIT;5037;28;;;;;5044;28;;;;;5040.5;176.10546875
0;62000;AMETHYSTS;9995;24;;;;;10005;24;;;;;10000.0;146.0
0;62000;STARFRUIT;5037;24;;;;;5044;24;;;;;5040.5;176.46044921875
0;62100;STARFRUIT;5037;27;;;;;5043;2;5044;25;;;5040.0;176.84521484375
0;62100;AMETHYSTS;9996;2;9995;25;;;10002;3;10004;2;10005;25;9999.0;146.0
0;62200;AMETHYSTS;9998;9;9996;2;9995;22;10004;2;10005;22;;;10001.0;146.0
0;62200;STARFRUIT;5037;24;;;;;5042;1;5044;24;;;5039.5;176.376953125
0;62300;AMETHYSTS;9995;21;;;;;10005;21;;;;;10000.0;146.0
0;62300;STARFRUIT;5037;21;;;;;5044;21;;;;;5040.5;176.21435546875
0;62400;AMETHYSTS;9995;24;;;;;10005;24;;;;;10000.0;146.0
0;62400;STARFRUIT;5037;24;;;;;5044;24;;;;;5040.5;176.1875
0;62500;STARFRUIT;5038;2;5037;25;;;5044;27;;;;;5041.0;176.166015625
0;62500;AMETHYSTS;9996;2;9995;25;;;10004;2;10005;25;;;10000.0;146.0
0;62600;AMETHYSTS;9998;6;9996;1;9995;21;10004;1;10005;21;;;10001.0;146.0
0;62600;STARFRUIT;5038;1;5037;21;;;5044;22;;;;;5041.0;176.1376953125
0;62700;AMETHYSTS;9998;3;9995;25;;;10005;25;;;;;10001.5;146.0
0;62700;STARFRUIT;5037;25;;;;;5044;25;;;;;5040.5;176.6708984375
0;62800;AMETHYSTS;9995;22;;;;;10005;22;;;;;10000.0;146.0
0;62800;STARFRUIT;5037;22;;;;;5044;22;;;;;5040.5;176.43798828125
0;62900;STARFRUIT;5037;22;;;;;5043;2;5044;20;;;5040.0;176.8515625
0;62900;AMETHYSTS;10002;11;9998;3;9996;2;10004;2;10005;20;;;10003.0;146.0
0;63000;AMETHYSTS;9995;30;;;;;10005;30;;;;;10000.0;168.0
0;63000;STARFRUIT;5037;30;;;;;5044;30;;;;;5040.5;176.32373046875
0;63100;AMETHYSTS;9995;30;;;;;9998;1;10005;30;;;9996.5;168.0
0;63100;STARFRUIT;5037;30;;;;;5044;30;;;;;5040.5;176.17431640625
0;63200;AMETHYSTS;9996;1;9995;24;;;10004;1;10005;24;;;10000.0;170.0
0;63200;STARFRUIT;5038;25;;;;;5044;1;5045;24;;;5041.0;175.8896484375
0;63300;STARFRUIT;5043;1;5038;30;;;5045;30;;;;;5044.0;175.705078125
0;63300;AMETHYSTS;10002;4;9995;30;;;10005;30;;;;;10003.5;170.0
0;63400;AMETHYSTS;9996;2;9995;22;;;10004;2;10005;22;;;10000.0;178.0
0;63400;STARFRUIT;5038;24;;;;;5044;2;5045;22;;;5041.0;177.9228515625
0;63500;AMETHYSTS;9995;28;;;;;10005;28;;;;;10000.0;178.0
0;63500;STARFRUIT;5038;3;5037;28;;;5044;28;;;;;5041.0;178.5888671875
0;63600;AMETHYSTS;9995;22;;;;;10005;22;;;;;10000.0;178.0
0;63600;STARFRUIT;5042;1;5037;22;;;5044;22;;;;;5043.0;179.1396484375
0;63700;STARFRUIT;5037;21;;;;;5040;5;5042;7;5044;21;5038.5;181.224609375
0;63700;AMETHYSTS;9995;21;;;;;10000;5;10002;7;10005;21;9997.5;178.0
0;63800;AMETHYSTS;9996;1;9995;27;;;9998;1;10004;1;10005;27;9997.0;178.0
0;63800;STARFRUIT;5036;1;5035;27;;;5042;28;;;;;5039.0;179.927734375
0;63900;AMETHYSTS;9995;22;;;;;10000;2;10005;22;;;9997.5;178.0
0;63900;STARFRUIT;5035;22;;;;;5039;2;5043;22;;;5037.0;180.044921875
0;64000;AMETHYSTS;9995;30;;;;;9998;11;10002;10;10005;30;9996.5;178.0
0;64000;STARFRUIT;5036;2;5035;30;;;5042;30;;;;;5039.0;179.2880859375
0;64100;STARFRUIT;5036;28;;;;;5041;4;5042;2;5043;26;5038.5;180.248046875
0;64100;AMETHYSTS;9996;2;9995;26;;;10002;4;10004;2;10005;26;9999.0;178.0
0;64200;AMETHYSTS;9996;2;9995;25;;;10004;2;10005;25;;;10000.0;178.0
0;64200;STARFRUIT;5036;27;;;;;5043;27;;;;;5039.5;180.7080078125
0;64300;AMETHYSTS;9998;4;9996;2;9995;20;10004;2;10005;20;;;10001.0;178.0
0;64300;STARFRUIT;5036;2;5035;22;;;5042;22;;;;;5039.0;179.4990234375
0;64400;AMETHYSTS;9996;2;9995;27;;;10004;2;10005;27;;;10000.0;178.0
0;64400;STARFRUIT;5036;4;5035;29;;;5042;29;;;;;5039.0;179.26171875
0;64500;STARFRUIT;5036;7;5035;22;;;5042;22;;;;;5039.0;179.1552734375
0;64500;AMETHYSTS;9996;2;9995;20;;;10004;2;10005;20;;;10000.0;178.0
0;64600;AMETHYSTS;9996;2;9995;27;;;10004;2;10005;27;;;10000.0;178.0
0;64600;STARFRUIT;5036;2;5035;27;;;5042;29;;;;;5039.0;179.9189453125
0;64700;AMETHYSTS;10002;1;9996;1;9995;28;10004;1;10005;28;;;10003.0;190.0
0;64700;STARFRUIT;5036;1;5035;28;;;5042;1;5043;28;;;5039.0;180.0009765625
0;64800;AMETHYSTS;9996;1;9995;20;;;10004;1;10005;20;;;10000.0;192.0
0;64800;STARFRUIT;5036;20;;;;;5042;1;5043;20;;;5039.0;180.3740234375
0;64900;STARFRUIT;5036;2;5035;30;;;5042;32;;;;;5039.0;179.7216796875
0;64900;AMETHYSTS;9996;2;9995;30;;;9998;4;10002;10;10004;2;9997.0;192.0
0;65000;AMETHYSTS;9996;1;9995;26;;;10002;5;10004;1;10005;26;9999.0;200.0
0;65000;STARFRUIT;5041;1;5036;27;;;5042;1;5043;26;;;5041.5;180.1337890625
0;65100;AMETHYSTS;9998;10;9996;1;9995;25;10004;1;10005;25;;;10001.0;200.0
0;65100;STARFRUIT;5036;1;5035;25;;;5042;26;;;;;5039.0;181.89794921875
0;65200;AMETHYSTS;9996;1;9995;28;;;10002;6;10004;1;10005;28;9999.0;200.0
0;65200;STARFRUIT;5037;2;5036;29;;;5042;1;5043;28;;;5039.5;182.22216796875
0;65300;STARFRUIT;5036;29;;;;;5041;1;5043;29;;;5038.5;182.171875
0;65300;AMETHYSTS;9995;29;;;;;10002;9;10005;29;;;9998.5;200.0
0;65400;STARFRUIT;5035;21;;;;;5037;2;5042;21;;;5036.0;181.7099609375
0;65400;AMETHYSTS;9998;10;9995;21;;;10005;21;;;;;10001.5;200.0
0;65500;AMETHYSTS;9995;20;;;;;10005;20;;;;;10000.0;200.0
0;65500;STARFRUIT;5035;20;;;;;5042;20;;;;;5038.5;184.72265625
0;65600;STARFRUIT;5036;6;5035;20;;;5042;20;;;;;5039.0;184.900390625
0;65600;AMETHYSTS;9998;3;9995;20;;;10005;20;;;;;10001.5;200.0
0;65700;STARFRUIT;5035;24;;;;;5036;1;5043;24;;;5035.5;186.0498046875
0;65700;AMETHYSTS;9995;24;;;;;10005;24;;;;;10000.0;200.0
0;65800;STARFRUIT;5037;1;5036;30;;;5043;30;;;;;5040.0;190.404296875
0;65800;AMETHYSTS;10002;4;9995;30;;;10005;30;;;;;10003.5;200.0
0;65900;AMETHYSTS;9996;2;9995;24;;;10004;2;10005;24;;;10000.0;208.0
0;65900;STARFRUIT;5037;2;5036;24;;;5043;26;;;;;5040.0;189.927734375
0;66000;STARFRUIT;5037;7;5036;24;;;5043;25;;;;;5040.0;189.82421875
0;66000;AMETHYSTS;9996;1;9995;24;;;10004;1;10005;24;;;10000.0;208.0
0;66100;STARFRUIT;5042;1;5037;25;;;5043;2;5044;23;;;5042.5;190.533203125
0;66100;AMETHYSTS;9996;2;9995;23;;;10004;2;10005;23;;;10000.0;208.0
0;66200;STARFRUIT;5041;5;5037;23;;;5043;1;5044;22;;;5042.0;194.16943359375
0;66200;AMETHYSTS;10002;1;9996;1;9995;22;10004;1;10005;22;;;10003.0;208.0
0;66300;AMETHYSTS;10000;3;9995;20;;;10002;5;10005;20;;;10001.0;210.0
0;66300;STARFRUIT;5040;3;5037;20;;;5044;20;;;;;5042.0;188.8359375
0;66400;STARFRUIT;5037;2;5036;24;;;5043;26;;;;;5040.0;185.68359375
0;66400;AMETHYSTS;9996;2;9995;24;;;10004;2;10005;24;;;10000.0;200.0
0;66500;STARFRUIT;5042;1;5037;31;;;5043;1;5044;30;;;5042.5;186.6953125
0;66500;AMETHYSTS;9996;1;9995;30;;;10004;1;10005;30;;;10000.0;200.0
0;66600;STARFRUIT;5037;31;;;;;5044;31;;;;;5040.5;191.80859375
0;66600;AMETHYSTS;10002;3;9998;1;9996;2;10004;2;10005;29;;;10003.0;200.0
0;66700;AMETHYSTS;9996;1;9995;25;;;10004;1;10005;25;;;10000.0;206.0
0;66700;STARFRUIT;5038;5;5037;26;;;5044;26;;;;;5041.0;193.0078125
0;66800;STARFRUIT;5038;1;5037;25;;;5044;26;;;;;5041.0;195.74609375
0;66800;AMETHYSTS;9996;1;9995;25;;;10004;1;10005;25;;;10000.0;206.0
0;66900;STARFRUIT;5037;3;5036;20;;;5043;20;;;;;5040.0;188.9296875
0;66900;AMETHYSTS;9995;20;;;;;10005;20;;;;;10000.0;206.0
0;67000;STARFRUIT;5036;24;;;;;5042;2;5043;22;;;5039.0;183.98046875
0;67000;AMETHYSTS;9998;1;9996;2;9995;22;10004;2;10005;22;;;10001.0;206.0
0;67100;AMETHYSTS;9996;1;9995;25;;;10004;1;10005;25;;;10000.0;206.0
0;67100;STARFRUIT;5036;26;;;;;5043;26;;;;;5039.5;186.76171875
0;67200;STARFRUIT;5036;23;;;;;5041;6;5043;23;;;5038.5;186.59375
0;67200;AMETHYSTS;9995;23;;;;;10005;23;;;;;10000.0;206.0
0;67300;STARFRUIT;5038;1;5037;22;;;5043;1;5044;21;;;5040.5;191.515625
0;67300;AMETHYSTS;9996;1;9995;21;;;10004;1;10005;21;;;10000.0;206.0
0;67400;STARFRUIT;5038;8;5037;29;;;5044;29;;;;;5041.0;191.65625
0;67400;AMETHYSTS;9996;1;9995;28;;;10004;1;10005;28;;;10000.0;206.0
0;67500;AMETHYSTS;9995;22;;;;;10005;22;;;;;10000.0;214.0
0;67500;STARFRUIT;5037;22;;;;;5044;22;;;;;5040.5;195.75390625
0;67600;STARFRUIT;5038;1;5037;25;;;5044;26;;;;;5041.0;196.04296875
0;67600;AMETHYSTS;9996;1;9995;25;;;10004;1;10005;25;;;10000.0;214.0
0;67700;AMETHYSTS;9996;2;9995;21;;;10000;3;10004;2;10005;21;9998.0;214.0
0;67700;STARFRUIT;5037;23;;;;;5040;3;5044;23;;;5038.5;193.234375
0;67800;AMETHYSTS;9996;2;9995;30;;;10004;2;10005;30;;;10000.0;214.0
0;67800;STARFRUIT;5038;6;5037;32;;;5044;32;;;;;5041.0;194.43359375
0;67900;AMETHYSTS;9995;26;;;;;10005;26;;;;;10000.0;226.0
0;67900;STARFRUIT;5036;26;;;;;5043;26;;;;;5039.5;188.25
0;68000;STARFRUIT;5042;1;5036;25;;;5043;25;;;;;5042.5;187.19140625
0;68000;AMETHYSTS;9995;25;;;;;10002;5;10005;25;;;9998.5;226.0
0;68100;AMETHYSTS;9996;1;9995;26;;;10002;8;10004;1;10005;26;9999.0;226.0
0;68100;STARFRUIT;5037;7;5036;27;;;5042;1;5043;26;;;5039.5;184.72265625
0;68200;AMETHYSTS;9996;1;9995;23;;;9998;1;10004;1;10005;23;9997.0;226.0
0;68200;STARFRUIT;5036;1;5035;23;;;5042;24;;;;;5039.0;175.06640625
0;68300;AMETHYSTS;9996;1;9995;25;;;10002;4;10004;1;10005;25;9999.0;228.0
0;68300;STARFRUIT;5035;1;5034;25;;;5041;26;;;;;5038.0;164.23828125
0;68400;STARFRUIT;5034;31;;;;;5041;31;;;;;5037.5;162.21875
0;68400;AMETHYSTS;10002;1;9996;1;9995;30;10004;1;10005;30;;;10003.0;228.0
0;68500;AMETHYSTS;9996;1;9995;22;;;10004;1;10005;22;;;10000.0;230.0
0;68500;STARFRUIT;5035;1;5034;22;;;5039;5;5041;23;;;5037.0;165.71484375
0;68600;AMETHYSTS;9995;27;;;;;9998;1;10005;27;;;9996.5;230.0
0;68600;STARFRUIT;5034;27;;;;;5042;27;;;;;5038.0;165.96875
0;68700;AMETHYSTS;9998;10;9996;2;9995;20;10004;2;10005;20;;;10001.0;232.0
0;68700;STARFRUIT;5035;22;;;;;5041;2;5042;20;;;5038.0;166.84765625
0;68800;STARFRUIT;5035;1;5034;30;;;5037;6;5041;1;5042;30;5036.0;165.8984375
0;68800;AMETHYSTS;9996;1;9995;30;;;10000;6;10002;1;10004;1;9998.0;202.0
0;68900;AMETHYSTS;9998;3;9996;2;9995;23;10004;2;10005;23;;;10001.0;202.0
0;68900;STARFRUIT;5035;25;;;;;5041;2;5042;23;;;5038.0;174.46875
0;69000;AMETHYSTS;9996;1;9995;27;;;10004;1;10005;27;;;10000.0;202.0
0;69000;STARFRUIT;5035;28;;;;;5041;1;5042;27;;;5038.0;173.140625
0;69100;AMETHYSTS;9996;1;9995;25;;;10004;1;10005;25;;;10000.0;202.0
0;69100;STARFRUIT;5036;1;5035;26;;;5041;1;5042;25;;;5038.5;172.75
0;69200;STARFRUIT;5035;21;;;;;5042;21;;;;;5038.5;176.296875
0;69200;AMETHYSTS;9996;1;9995;20;;;10002;8;10004;1;10005;20;9999.0;202.0
0;69300;AMETHYSTS;9996;1;9995;23;;;10004;1;10005;23;;;10000.0;202.0
0;69300;STARFRUIT;5035;1;5034;23;;;5041;24;;;;;5038.0;168.9921875
0;69400;AMETHYSTS;9995;22;;;;;10005;22;;;;;10000.0;202.0
0;69400;STARFRUIT;5035;4;5034;22;;;5041;22;;;;;5038.0;157.6953125
0;69500;AMETHYSTS;9996;1;9995;30;;;10002;8;10004;1;10005;30;9999.0;202.0
0;69500;STARFRUIT;5034;2;5033;31;;;5039;1;5040;30;;;5036.5;141.2109375
0;69600;STARFRUIT;5033;27;;;;;5040;27;;;;;5036.5;146.7890625
0;69600;AMETHYSTS;9996;2;9995;25;;;10004;2;10005;25;;;10000.0;202.0
0;69700;AMETHYSTS;10002;1;9996;2;9995;24;10004;2;10005;24;;;10003.0;202.0
0;69700;STARFRUIT;5033;26;;;;;5040;26;;;;;5036.5;145.84375
0;69800;AMETHYSTS;9996;1;9995;22;;;10004;1;10005;22;;;10000.0;204.0
0;69800;STARFRUIT;5034;22;;;;;5040;1;5041;22;;;5037.0;156.4921875
0;69900;STARFRUIT;5034;26;;;;;5040;2;5041;24;;;5037.0;156.0859375
0;69900;AMETHYSTS;10002;1;9998;10;9996;2;10004;2;10005;24;;;10003.0;204.0
0;70000;AMETHYSTS;9996;2;9995;28;;;10004;2;10005;28;;;10000.0;206.0
0;70000;STARFRUIT;5034;2;5033;28;;;5040;2;5041;28;;;5037.0;155.15625
0;70100;AMETHYSTS;10002;1;9995;27;;;10005;27;;;;;10003.5;206.0
0;70100;STARFRUIT;5033;27;;;;;5034;1;5040;27;;;5033.5;149.2578125
0;70200;AMETHYSTS;9996;2;9995;28;;;10004;2;10005;28;;;10000.0;208.0
0;70200;STARFRUIT;5033;30;;;;;5040;30;;;;;5036.5;153.53125
0;70300;STARFRUIT;5034;5;5033;24;;;5040;25;;;;;5037.0;154.4921875
0;70300;AMETHYSTS;9998;10;9996;1;9995;24;10004;1;10005;24;;;10001.0;208.0
0;70400;AMETHYSTS;10002;13;9996;2;9995;29;10004;2;10005;29;;;10003.0;208.0
0;70400;STARFRUIT;5034;31;;;;;5041;31;;;;;5037.5;163.703125
0;70500;AMETHYSTS;10002;1;9995;21;;;10005;21;;;;;10003.5;208.0
0;70500;STARFRUIT;5034;21;;;;;5035;3;5041;21;;;5034.5;162.9453125
0;70600;AMETHYSTS;10002;1;10000;3;9996;1;10004;1;10005;22;;;10003.0;208.0
0;70600;STARFRUIT;5036;2;5034;1;5033;22;5040;1;5041;22;;;5038.0;157.734375
0;70700;STARFRUIT;5033;27;;;;;5040;27;;;;;5036.5;149.4609375
0;70700;AMETHYSTS;9995;27;;;;;10005;27;;;;;10000.0;208.0
0;70800;AMETHYSTS;9996;2;9995;20;;;9998;5;10002;8;10004;2;9997.0;208.0
0;70800;STARFRUIT;5033;22;;;;;5040;22;;;;;5036.5;145.046875
0;70900;AMETHYSTS;9995;21;;;;;10005;21;;;;;10000.0;218.0
0;70900;STARFRUIT;5033;21;;;;;5034;1;5040;21;;;5033.5;149.1015625
0;71000;AMETHYSTS;9996;2;9995;28;;;9998;3;10004;2;10005;28;9997.0;218.0
0;71000;STARFRUIT;5034;2;5033;28;;;5038;1;5040;30;;;5036.0;156.4765625
0;71100;STARFRUIT;5035;6;5034;30;;;5041;30;;;;;5038.0;157.890625
0;71100;AMETHYSTS;9998;4;9995;30;;;10005;30;;;;;10001.5;224.0
0;71200;AMETHYSTS;9996;1;9995;27;;;9998;1;10004;1;10005;27;9997.0;216.0
0;71200;STARFRUIT;5035;1;5034;27;;;5041;28;;;;;5038.0;165.6484375
0;71300;AMETHYSTS;9996;2;9995;28;;;10004;2;10005;28;;;10000.0;218.0
0;71300;STARFRUIT;5035;2;5034;28;;;5040;8;5041;2;5042;28;5037.5;167.90625
0;71400;AMETHYSTS;10002;2;9996;2;9995;25;10004;2;10005;25;;;10003.0;218.0
0;71400;STARFRUIT;5036;2;5035;25;;;5040;6;5042;27;;;5038.0;180.390625
0;71500;STARFRUIT;5035;26;;;;;5040;5;5042;26;;;5037.5;179.0390625
0;71500;AMETHYSTS;9995;26;;;;;10005;26;;;;;10000.0;222.0
0;71600;AMETHYSTS;9998;7;9996;2;9995;29;10004;2;10005;29;;;10001.0;222.0
0;71600;STARFRUIT;5035;31;;;;;5042;31;;;;;5038.5;179.4296875
0;71700;AMETHYSTS;9996;1;9995;25;;;9998;1;10004;1;10005;25;9997.0;222.0
0;71700;STARFRUIT;5035;26;;;;;5042;26;;;;;5038.5;178.4453125
0;71800;AMETHYSTS;9995;22;;;;;9998;1;10005;22;;;9996.5;226.0
0;71800;STARFRUIT;5035;22;;;;;5042;22;;;;;5038.5;180.8046875
0;71900;STARFRUIT;5036;30;;;;;5043;30;;;;;5039.5;189.4375
0;71900;AMETHYSTS;9996;2;9995;28;;;10004;2;10005;28;;;10000.0;226.0
0;72000;AMETHYSTS;9998;2;9996;1;9995;23;10004;1;10005;23;;;10001.0;226.0
0;72000;STARFRUIT;5036;24;;;;;5043;24;;;;;5039.5;189.3515625
0;72100;AMETHYSTS;9996;2;9995;24;;;9998;1;10004;2;10005;24;9997.0;226.0
0;72100;STARFRUIT;5035;26;;;;;5042;26;;;;;5038.5;179.109375
0;72200;AMETHYSTS;9995;25;;;;;9998;1;10005;25;;;9996.5;228.0
0;72200;STARFRUIT;5035;25;;;;;5042;25;;;;;5038.5;176.7109375
0;72300;STARFRUIT;5036;1;5035;22;;;5040;3;5042;23;;;5038.0;180.1484375
0;72300;AMETHYSTS;9996;1;9995;22;;;10004;1;10005;22;;;10000.0;228.0
0;72400;AMETHYSTS;9995;25;;;;;10005;25;;;;;10000.0;228.0
0;72400;STARFRUIT;5036;25;;;;;5043;25;;;;;5039.5;190.6484375
0;72500;AMETHYSTS;10000;4;9996;2;9995;20;10004;2;10005;20;;;10002.0;228.0
0;72500;STARFRUIT;5039;4;5037;2;5036;20;5043;22;;;;;5041.0;196.3515625
0;72600;AMETHYSTS;9998;8;9995;28;;;10005;28;;;;;10001.5;228.0
0;72600;STARFRUIT;5036;28;;;;;5043;28;;;;;5039.5;195.6171875
0;72700;STARFRUIT;5036;28;;;;;5043;28;;;;;5039.5;186.4453125
0;72700;AMETHYSTS;9995;28;;;;;10005;28;;;;;10000.0;228.0
0;72800;AMETHYSTS;9996;2;9995;27;;;10004;2;10005;27;;;10000.0;228.0
0;72800;STARFRUIT;5036;29;;;;;5037;8;5043;29;;;5036.5;190.0859375
0;72900;AMETHYSTS;9996;1;9995;22;;;10002;4;10004;1;10005;22;9999.0;228.0
0;72900;STARFRUIT;5037;2;5036;23;;;5043;23;;;;;5040.0;188.1953125
0;73000;AMETHYSTS;9995;21;;;;;10005;21;;;;;10000.0;228.0
0;73000;STARFRUIT;5036;21;;;;;5041;8;5043;21;;;5038.5;190.546875
0;73100;STARFRUIT;5037;28;;;;;5042;3;5043;1;5044;27;5039.5;193.87109375
0;73100;AMETHYSTS;9996;1;9995;27;;;10002;7;10004;1;10005;27;9999.0;228.0
0;73200;AMETHYSTS;9996;1;9995;23;;;10002;7;10004;1;10005;23;9999.0;228.0
0;73200;STARFRUIT;5037;24;;;;;5044;24;;;;;5040.5;198.1875
0;73300;AMETHYSTS;9996;2;9995;23;;;10004;2;10005;23;;;10000.0;228.0
0;73300;STARFRUIT;5037;25;;;;;5044;25;;;;;5040.5;201.97265625
0;73400;AMETHYSTS;9995;30;;;;;10002;6;10005;30;;;9998.5;228.0
0;73400;STARFRUIT;5038;30;;;;;5045;30;;;;;5041.5;205.9453125
0;73500;STARFRUIT;5038;25;;;;;5044;1;5045;24;;;5041.0;207.48828125
0;73500;AMETHYSTS;9998;6;9996;1;9995;24;10004;1;10005;24;;;10001.0;228.0
0;73600;AMETHYSTS;9995;30;;;;;9998;1;10005;30;;;9996.5;228.0
0;73600;STARFRUIT;5038;30;;;;;5045;30;;;;;5041.5;208.734375
0;73700;AMETHYSTS;10002;4;9995;25;;;10005;25;;;;;10003.5;232.0
0;73700;STARFRUIT;5038;25;;;;;5045;25;;;;;5041.5;208.96875
0;73800;AMETHYSTS;9998;1;9996;1;9995;21;10004;1;10005;21;;;10001.0;240.0
0;73800;STARFRUIT;5038;22;;;;;5045;22;;;;;5041.5;211.4765625
0;73900;STARFRUIT;5038;27;;;;;5046;27;;;;;5042.0;218.046875
0;73900;AMETHYSTS;9995;27;;;;;10005;27;;;;;10000.0;240.0
0;74000;AMETHYSTS;10000;5;9996;2;9995;27;10004;2;10005;27;;;10002.0;240.0
0;74000;STARFRUIT;5041;6;5039;7;5038;29;5045;29;;;;;5043.0;213.5625
0;74100;AMETHYSTS;9998;5;9996;1;9995;23;10004;1;10005;23;;;10001.0;240.0
0;74100;STARFRUIT;5042;3;5038;24;;;5045;24;;;;;5043.5;211.265625
0;74200;STARFRUIT;5038;31;;;;;5043;7;5045;31;;;5040.5;209.890625
0;74200;AMETHYSTS;9996;1;9995;30;;;10002;1;10004;1;10005;30;9999.0;240.0
0;74300;STARFRUIT;5039;1;5038;26;;;5043;3;5045;27;;;5041.0;216.5859375
0;74300;AMETHYSTS;9998;6;9996;1;9995;26;10004;1;10005;26;;;10001.0;242.0
0;74400;STARFRUIT;5039;23;;;;;5046;23;;;;;5042.5;224.296875
0;74400;AMETHYSTS;9996;2;9995;21;;;10004;2;10005;21;;;10000.0;242.0
0;74500;AMETHYSTS;9996;2;9995;24;;;10004;2;10005;24;;;10000.0;242.0
0;74500;STARFRUIT;5044;1;5043;3;5039;26;5046;26;;;;;5045.0;222.3046875
0;74600;STARFRUIT;5040;1;5039;29;;;5046;29;;;;;5043.0;222.828125
0;74600;AMETHYSTS;9996;2;9995;27;;;9998;2;10004;2;10005;27;9997.0;242.0
0;74700;STARFRUIT;5039;27;;;;;5046;27;;;;;5042.5;223.796875
0;74700;AMETHYSTS;9996;1;9995;26;;;10004;1;10005;26;;;10000.0;246.0
0;74800;STARFRUIT;5039;3;5038;24;;;5045;26;;;;;5042.0;219.625
0;74800;AMETHYSTS;9996;2;9995;24;;;10004;2;10005;24;;;10000.0;246.0
0;74900;AMETHYSTS;9996;1;9995;27;;;10004;1;10005;27;;;10000.0;246.0
0;74900;STARFRUIT;5039;1;5038;27;;;5045;1;5046;27;;;5042.0;219.7265625
0;75000;STARFRUIT;5039;1;5038;21;;;5045;22;;;;;5042.0;218.8671875
0;75000;AMETHYSTS;9996;1;9995;21;;;9998;4;10004;1;10005;21;9997.0;246.0
0;75100;STARFRUIT;5039;2;5038;26;;;5045;2;5046;26;;;5042.0;219.875
0;75100;AMETHYSTS;9996;2;9995;26;;;10002;8;10004;2;10005;26;9999.0;256.0
0;75200;STARFRUIT;5040;7;5039;31;;;5046;31;;;;;5043.0;223.7109375
0;75200;AMETHYSTS;9996;1;9995;30;;;10004;1;10005;30;;;10000.0;256.0
0;75300;AMETHYSTS;9998;7;9996;1;9995;26;10004;1;10005;26;;;10001.0;256.0
0;75300;STARFRUIT;5040;27;;;;;5046;1;5047;26;;;5043.0;232.84375
0;75400;STARFRUIT;5039;25;;;;;5046;25;;;;;5042.5;224.1953125
0;75400;AMETHYSTS;9995;25;;;;;10005;25;;;;;10000.0;256.0
0;75500;STARFRUIT;5039;23;;;;;5046;23;;;;;5042.5;225.9375
0;75500;AMETHYSTS;9996;1;9995;22;;;10004;1;10005;22;;;10000.0;256.0
0;75600;STARFRUIT;5039;2;5038;23;;;5045;2;5046;23;;;5042.0;220.140625
0;75600;AMETHYSTS;9996;2;9995;23;;;9998;9;10004;2;10005;23;9997.0;260.0
0;75700;AMETHYSTS;9996;2;9995;25;;;10004;2;10005;25;;;10000.0;278.0
0;75700;STARFRUIT;5044;1;5039;27;;;5046;27;;;;;5045.0;223.609375
0;75800;STARFRUIT;5045;1;5040;1;5039;28;5046;28;;;;;5045.5;229.8125
0;75800;AMETHYSTS;9996;2;9995;26;;;10002;3;10004;2;10005;26;9999.0;278.0
0;75900;STARFRUIT;5039;24;;;;;5044;3;5045;2;5046;22;5041.5;226.265625
0;75900;AMETHYSTS;9996;2;9995;22;;;10004;2;10005;22;;;10000.0;278.0
0;76000;STARFRUIT;5039;3;5038;31;;;5045;31;;;;;5042.0;206.078125
0;76000;AMETHYSTS;9998;8;9996;1;9995;30;10004;1;10005;30;;;10001.0;278.0
0;76100;AMETHYSTS;10002;1;9995;28;;;10005;28;;;;;10003.5;278.0
0;76100;STARFRUIT;5038;28;;;;;5045;28;;;;;5041.5;206.84375
0;76200;STARFRUIT;5037;28;;;;;5044;28;;;;;5040.5;196.0859375
0;76200;AMETHYSTS;9998;9;9995;28;;;10005;28;;;;;10001.5;280.0
0;76300;STARFRUIT;5037;22;;;;;5044;22;;;;;5040.5;194.15625
0;76300;AMETHYSTS;9998;7;9996;1;9995;21;10004;1;10005;21;;;10001.0;280.0
0;76400;STARFRUIT;5038;8;5037;28;;;5044;28;;;;;5041.0;194.921875
0;76400;AMETHYSTS;9995;28;;;;;10005;28;;;;;10000.0;280.0
0;76500;AMETHYSTS;10000;2;9995;28;;;10005;28;;;;;10002.5;280.0
0;76500;STARFRUIT;5040;2;5037;28;;;5044;28;;;;;5042.0;200.296875
0;76600;STARFRUIT;5038;29;;;;;5045;29;;;;;5041.5;207.0
0;76600;AMETHYSTS;9995;29;;;;;10005;29;;;;;10000.0;280.0
