day;timestamp;product;bid_price_1;bid_volume_1;bid_price_2;bid_volume_2;bid_price_3;bid_volume_3;ask_price_1;ask_volume_1;ask_price_2;ask_volume_2;ask_price_3;ask_volume_3;mid_price;profit_and_loss
0;0;AMETHYSTS;9998;9;9995;23;;;10005;23;;;;;10001.5;0.0
0;0;STARFRUIT;5036;23;;;;;5043;23;;;;;5039.5;0.0
0;100;AMETHYSTS;10002;1;10000;2;9998;4;10004;1;10005;21;;;10003.0;0.0
0;100;STARFRUIT;5042;1;5039;2;5037;1;5043;22;;;;;5042.5;0.0
0;200;AMETHYSTS;9996;1;9995;21;;;10004;1;10005;21;;;10000.0;2.0
0;200;STARFRUIT;5037;1;5036;21;;;5043;1;5044;21;;;5040.0;2.01611328125
0;300;STARFRUIT;5042;1;5037;26;;;5044;26;;;;;5043.0;1.52978515625
0;300;AMETHYSTS;9995;26;;;;;10005;26;;;;;10000.0;2.0
0;400;AMETHYSTS;9998;8;9996;2;9995;26;10004;2;10005;26;;;10001.0;2.0
0;400;STARFRUIT;5037;28;;;;;5044;28;;;;;5040.5;3.1142578125
0;500;AMETHYSTS;9998;8;9996;1;9995;23;10004;1;10005;23;;;10001.0;2.0
0;500;STARFRUIT;5037;24;;;;;5042;3;5044;24;;;5039.5;2.63671875
0;600;AMETHYSTS;9996;2;9995;28;;;10004;2;10005;28;;;10000.0;2.0
0;600;STARFRUIT;5041;5;5037;30;;;5044;30;;;;;5042.5;3.0361328125
0;700;STARFRUIT;5036;22;;;;;5043;23;;;;;5039.5;9.90234375
0;700;AMETHYSTS;9996;1;9995;22;;;10004;1;10005;22;;;10000.0;2.0
0;800;AMETHYSTS;9996;1;9995;24;;;10000;3;10004;1;10005;24;9998.0;2.0
0;800;STARFRUIT;5036;25;;;;;5039;3;5043;25;;;5037.5;12.76953125
0;900;AMETHYSTS;9996;1;9995;20;;;9998;11;10004;1;10005;20;9997.0;2.0
0;900;STARFRUIT;5036;21;;;;;5043;21;;;;;5039.5;12.3515625
0;1000;AMETHYSTS;9996;1;9995;30;;;10004;1;10005;30;;;10000.0;2.0
0;1000;STARFRUIT;5037;1;5036;30;;;5043;31;;;;;5040.0;10.55078125
0;1100;STARFRUIT;5037;22;;;;;5043;1;5044;21;;;5040.0;8.1484375
0;1100;AMETHYSTS;9996;1;9995;21;;;10002;6;10004;1;10005;21;9999.0;2.0
0;1200;AMETHYSTS;9996;1;9995;22;;;10004;1;10005;22;;;10000.0;2.0
0;1200;STARFRUIT;5036;23;;;;;5037;1;5043;23;;;5036.5;11.4609375
0;1300;AMETHYSTS;10002;1;9995;25;;;10005;25;;;;;10003.5;2.0
0;1300;STARFRUIT;5036;25;;;;;5043;25;;;;;5039.5;16.8515625
0;1400;AMETHYSTS;9995;23;;;;;10000;6;10005;23;;;9997.5;4.0
0;1400;STARFRUIT;5036;23;;;;;5039;6;5043;23;;;5037.5;16.5
0;1500;STARFRUIT;5041;1;5036;21;;;5043;21;;;;;5042.0;15.66796875
0;1500;AMETHYSTS;9996;1;9995;20;;;9998;4;10004;1;10005;20;9997.0;4.0
0;1600;AMETHYSTS;9996;2;9995;28;;;10004;2;10005;28;;;10000.0;4.0
0;1600;STARFRUIT;5037;30;;;;;5043;2;5044;28;;;5040.0;11.90625
0;1700;AMETHYSTS;9995;28;;;;;10005;28;;;;;10000.0;4.0
0;1700;STARFRUIT;5036;28;;;;;5041;8;5043;28;;;5038.5;14.1953125
0;1800;AMETHYSTS;10000;4;9995;23;;;10002;10;10005;23;;;10001.0;4.0
0;1800;STARFRUIT;5040;4;5036;23;;;5044;23;;;;;5042.0;12.98046875
0;1900;STARFRUIT;5036;31;;;;;5043;32;;;;;5039.5;20.76171875
0;1900;AMETHYSTS;9996;2;9995;30;;;10004;2;10005;30;;;10000.0;4.0
0;2000;AMETHYSTS;9996;2;9995;21;;;10004;2;10005;21;;;10000.0;4.0
0;2000;STARFRUIT;5036;23;;;;;5043;23;;;;;5039.5;20.07421875
0;2100;AMETHYSTS;9996;2;9995;26;;;10004;2;10005;26;;;10000.0;4.0
0;2100;STARFRUIT;5036;28;;;;;5041;5;5043;28;;;5038.5;19.54296875
0;2200;AMETHYSTS;9996;1;9995;20;;;9998;4;10004;1;10005;20;9997.0;4.0
0;2200;STARFRUIT;5037;4;5036;21;;;5043;21;;;;;5040.0;20.46484375
0;2300;STARFRUIT;5038;5;5037;24;;;5043;2;5044;22;;;5040.5;11.58203125
0;2300;AMETHYSTS;9996;2;9995;22;;;10004;2;10005;22;;;10000.0;12.0
0;2400;AMETHYSTS;9996;2;9995;20;;;10004;2;10005;20;;;10000.0;12.0
0;2400;STARFRUIT;5037;22;;;;;5043;2;5044;20;;;5040.0;11.6484375
0;2500;AMETHYSTS;9998;3;9996;2;9995;21;10004;2;10005;21;;;10001.0;12.0
0;2500;STARFRUIT;5036;23;;;;;5043;23;;;;;5039.5;18.953125
0;2600;AMETHYSTS;10002;1;9996;1;9995;29;10004;1;10005;29;;;10003.0;12.0
0;2600;STARFRUIT;5035;30;;;;;5042;30;;;;;5038.5;31.70703125
0;2700;STARFRUIT;5036;7;5035;23;;;5041;2;5042;21;;;5038.5;33.609375
0;2700;AMETHYSTS;9998;7;9996;2;9995;21;10004;2;10005;21;;;10001.0;8.0
0;2800;AMETHYSTS;9995;27;;;;;10005;27;;;;;10000.0;8.0
0;2800;STARFRUIT;5035;27;;;;;5042;27;;;;;5038.5;28.59765625
0;2900;AMETHYSTS;9996;2;9995;20;;;10004;2;10005;20;;;10000.0;8.0
0;2900;STARFRUIT;5035;22;;;;;5042;22;;;;;5038.5;29.9609375
0;3000;AMETHYSTS;9996;1;9995;29;;;10004;1;10005;29;;;10000.0;8.0
0;3000;STARFRUIT;5040;1;5035;6;5034;29;5041;30;;;;;5040.5;37.359375
0;3100;STARFRUIT;5035;1;5034;27;;;5041;28;;;;;5038.0;38.6015625
0;3100;AMETHYSTS;9998;5;9996;1;9995;27;10004;1;10005;27;;;10001.0;8.0
0;3200;STARFRUIT;5035;24;;;;;5038;5;5042;24;;;5036.5;34.64453125
0;3200;AMETHYSTS;10002;2;9995;24;;;10005;24;;;;;10003.5;8.0
0;3300;AMETHYSTS;10002;1;9996;1;9995;24;10004;1;10005;24;;;10003.0;8.0
0;3300;STARFRUIT;5034;25;;;;;5041;25;;;;;5037.5;41.44140625
0;3400;STARFRUIT;5034;29;;;;;5041;29;;;;;5037.5;41.8125
0;3400;AMETHYSTS;9998;10;9996;2;9995;27;10004;2;10005;27;;;10001.0;0.0
0;3500;STARFRUIT;5034;26;;;;;5041;26;;;;;5037.5;41.21875
0;3500;AMETHYSTS;9995;26;;;;;10002;10;10005;26;;;9998.5;0.0
0;3600;STARFRUIT;5034;27;;;;;5041;27;;;;;5037.5;43.234375
0;3600;AMETHYSTS;9995;27;;;;;10002;8;10005;27;;;9998.5;-16.0
0;3700;AMETHYSTS;9998;3;9995;25;;;10005;25;;;;;10001.5;-16.0
0;3700;STARFRUIT;5034;25;;;;;5041;25;;;;;5037.5;38.921875
0;3800;STARFRUIT;5034;24;;;;;5039;7;5041;24;;;5036.5;40.4453125
0;3800;AMETHYSTS;9995;24;;;;;10005;24;;;;;10000.0;-16.0
0;3900;STARFRUIT;5035;1;5034;26;;;5040;2;5041;24;;;5037.5;47.140625
0;3900;AMETHYSTS;9996;2;9995;24;;;10004;2;10005;24;;;10000.0;-16.0
0;4000;STARFRUIT;5034;30;;;;;5041;31;;;;;5037.5;44.1875
0;4000;AMETHYSTS;10002;1;9996;1;9995;30;10004;1;10005;30;;;10003.0;-16.0
0;4100;AMETHYSTS;10000;5;9996;2;9995;22;10002;4;10004;2;10005;22;10001.0;-16.0
0;4100;STARFRUIT;5037;5;5035;2;5034;22;5041;24;;;;;5039.0;37.33984375
0;4200;STARFRUIT;5034;29;;;;;5039;7;5041;29;;;5036.5;42.65625
0;4200;AMETHYSTS;10002;5;9996;1;9995;28;10004;1;10005;28;;;10003.0;-16.0
0;4300;STARFRUIT;5034;26;;;;;5036;2;5041;26;;;5035.0;32.5546875
0;4300;AMETHYSTS;9995;26;;;;;10002;8;10005;26;;;9998.5;-16.0
0;4400;STARFRUIT;5035;28;;;;;5042;28;;;;;5038.5;20.5
0;4400;AMETHYSTS;9995;28;;;;;10005;28;;;;;10000.0;-16.0
0;4500;AMETHYSTS;9995;26;;;;;10005;26;;;;;10000.0;-16.0
0;4500;STARFRUIT;5035;26;;;;;5040;8;5042;26;;;5037.5;20.2578125
0;4600;STARFRUIT;5035;21;;;;;5040;3;5042;21;;;5037.5;22.46875
0;4600;AMETHYSTS;9995;21;;;;;10005;21;;;;;10000.0;-16.0
0;4700;STARFRUIT;5034;26;;;;;5041;26;;;;;5037.5;38.1875
0;4700;AMETHYSTS;9998;5;9995;26;;;10005;26;;;;;10001.5;-16.0
0;4800;STARFRUIT;5039;1;5035;7;5034;23;5041;23;;;;;5040.0;37.3125
0;4800;AMETHYSTS;9996;1;9995;22;;;10004;1;10005;22;;;10000.0;-16.0
0;4900;AMETHYSTS;9996;2;9995;22;;;10004;2;10005;22;;;10000.0;-16.0
0;4900;STARFRUIT;5033;24;;;;;5038;6;5040;24;;;5035.5;53.09375
0;5000;STARFRUIT;5033;6;5032;30;;;5039;31;;;;;5036.0;55.5
0;5000;AMETHYSTS;9998;9;9996;1;9995;30;10004;1;10005;30;;;10001.0;-16.0
0;5100;STARFRUIT;5032;26;;;;;5039;26;;;;;5035.5;56.1484375
0;5100;AMETHYSTS;9995;26;;;;;10005;26;;;;;10000.0;-16.0
0;5200;STARFRUIT;5035;5;5033;8;5032;23;5039;25;;;;;5037.0;56.484375
0;5200;AMETHYSTS;10000;5;9998;7;9996;2;10004;2;10005;23;;;10002.0;-16.0
0;5300;AMETHYSTS;9995;22;;;;;9998;12;10005;22;;;9996.5;-16.0
0;5300;STARFRUIT;5032;22;;;;;5039;22;;;;;5035.5;57.59375
0;5400;STARFRUIT;5032;30;;;;;5039;30;;;;;5035.5;53.03125
0;5400;AMETHYSTS;9995;30;;;;;10005;30;;;;;10000.0;-16.0
0;5500;AMETHYSTS;9996;1;9995;28;;;10004;1;10005;28;;;10000.0;-16.0
0;5500;STARFRUIT;5032;29;;;;;5033;8;5039;29;;;5032.5;53.734375
0;5600;AMETHYSTS;9998;2;9996;2;9995;23;10004;2;10005;23;;;10001.0;-16.0
0;5600;STARFRUIT;5032;25;;;;;5038;2;5039;23;;;5035.0;66.71875
0;5700;AMETHYSTS;9996;1;9995;30;;;10004;1;10005;30;;;10000.0;-16.0
0;5700;STARFRUIT;5032;3;5031;31;;;5038;31;;;;;5035.0;78.203125
0;5800;STARFRUIT;5031;30;;;;;5038;30;;;;;5034.5;75.046875
0;5800;AMETHYSTS;9996;2;9995;28;;;10004;2;10005;28;;;10000.0;-16.0
0;5900;AMETHYSTS;9996;2;9995;21;;;10004;2;10005;21;;;10000.0;-16.0
0;5900;STARFRUIT;5031;23;;;;;5038;23;;;;;5034.5;72.71875
0;6000;AMETHYSTS;9995;30;;;;;10002;10;10005;30;;;9998.5;-16.0
0;6000;STARFRUIT;5031;30;;;;;5038;30;;;;;5034.5;74.7890625
0;6100;AMETHYSTS;9996;1;9995;24;;;10004;1;10005;24;;;10000.0;-16.0
0;6100;STARFRUIT;5031;25;;;;;5037;1;5038;24;;;5034.0;86.359375
0;6200;STARFRUIT;5036;1;5031;30;;;5038;30;;;;;5037.0;83.0625
0;6200;AMETHYSTS;9998;3;9996;1;9995;29;10004;1;10005;29;;;10001.0;-16.0
0;6300;AMETHYSTS;9995;22;;;;;10005;22;;;;;10000.0;-16.0
0;6300;STARFRUIT;5030;22;;;;;5037;22;;;;;5033.5;95.4375
0;6400;AMETHYSTS;9996;1;9995;23;;;10002;6;10004;1;10005;23;9999.0;-16.0
0;6400;STARFRUIT;5030;24;;;;;5036;1;5037;23;;;5033.0;105.0625
0;6500;AMETHYSTS;9995;22;;;;;10005;22;;;;;10000.0;-16.0
0;6500;STARFRUIT;5029;22;;;;;5036;22;;;;;5032.5;108.546875
0;6600;STARFRUIT;5030;29;;;;;5031;7;5036;2;5037;27;5030.5;104.625
0;6600;AMETHYSTS;9996;2;9995;27;;;10004;2;10005;27;;;10000.0;-16.0
0;6700;AMETHYSTS;9996;1;9995;30;;;10004;1;10005;30;;;10000.0;-16.0
0;6700;STARFRUIT;5030;1;5029;30;;;5034;7;5036;31;;;5032.0;110.0390625
0;6800;AMETHYSTS;10000;5;9996;2;9995;29;10004;2;10005;29;;;10002.0;-16.0
0;6800;STARFRUIT;5033;4;5030;31;;;5037;31;;;;;5035.0;101.703125
0;6900;AMETHYSTS;9996;2;9995;27;;;10004;2;10005;27;;;10000.0;-16.0
0;6900;STARFRUIT;5030;29;;;;;5035;3;5037;29;;;5032.5;100.84375
0;7000;STARFRUIT;5030;8;5029;30;;;5036;31;;;;;5033.0;112.171875
0;7000;AMETHYSTS;9996;1;9995;30;;;10004;1;10005;30;;;10000.0;-16.0
0;7100;AMETHYSTS;9996;1;9995;30;;;9998;5;10002;7;10004;1;9997.0;-16.0
0;7100;STARFRUIT;5030;1;5029;30;;;5036;31;;;;;5033.0;111.90625
0;7200;AMETHYSTS;9996;1;9995;22;;;10002;1;10004;1;10005;22;9999.0;-16.0
0;7200;STARFRUIT;5031;6;5030;23;;;5036;1;5037;22;;;5033.5;104.3671875
0;7300;AMETHYSTS;9996;1;9995;25;;;10004;1;10005;25;;;10000.0;-16.0
0;7300;STARFRUIT;5030;26;;;;;5036;1;5037;25;;;5033.0;107.140625
0;7400;STARFRUIT;5030;22;;;;;5037;22;;;;;5033.5;104.1796875
0;7400;AMETHYSTS;10002;1;9995;22;;;10005;22;;;;;10003.5;-16.0
0;7500;AMETHYSTS;9995;29;;;;;10005;29;;;;;10000.0;-16.0
0;7500;STARFRUIT;5030;29;;;;;5035;3;5037;29;;;5032.5;91.359375
0;7600;AMETHYSTS;10002;1;9995;27;;;10005;27;;;;;10003.5;-16.0
0;7600;STARFRUIT;5031;27;;;;;5038;27;;;;;5034.5;82.390625
0;7700;STARFRUIT;5030;26;;;;;5037;26;;;;;5033.5;93.609375
0;7700;AMETHYSTS;9996;1;9995;25;;;10002;5;10004;1;10005;25;9999.0;-16.0
0;7800;AMETHYSTS;9995;23;;;;;10005;23;;;;;10000.0;-16.0
0;7800;STARFRUIT;5031;1;5030;23;;;5037;23;;;;;5034.0;93.09375
0;7900;AMETHYSTS;9996;2;9995;22;;;10002;7;10004;2;10005;22;9999.0;-16.0
0;7900;STARFRUIT;5030;24;;;;;5037;24;;;;;5033.5;99.0625
0;8000;AMETHYSTS;10000;3;9996;2;9995;28;10004;2;10005;28;;;10002.0;-16.0
0;8000;STARFRUIT;5036;1;5033;3;5031;2;5037;30;;;;;5036.5;89.6875
0;8100;STARFRUIT;5030;25;;;;;5037;25;;;;;5033.5;89.5234375
0;8100;AMETHYSTS;9995;25;;;;;10005;25;;;;;10000.0;-16.0
0;8200;AMETHYSTS;9996;2;9995;25;;;10004;2;10005;25;;;10000.0;-16.0
0;8200;STARFRUIT;5030;27;;;;;5037;27;;;;;5033.5;93.375
0;8300;AMETHYSTS;9998;9;9995;28;;;10005;28;;;;;10001.5;-16.0
0;8300;STARFRUIT;5030;28;;;;;5037;28;;;;;5033.5;90.625
0;8400;AMETHYSTS;9998;5;9995;29;;;10005;29;;;;;10001.5;-16.0
0;8400;STARFRUIT;5031;29;;;;;5038;29;;;;;5034.5;83.890625
0;8500;STARFRUIT;5032;8;5031;27;;;5037;2;5038;25;;;5034.5;85.7421875
0;8500;AMETHYSTS;9996;2;9995;25;;;10004;2;10005;25;;;10000.0;-16.0
0;8600;AMETHYSTS;9996;2;9995;27;;;10004;2;10005;27;;;10000.0;-16.0
0;8600;STARFRUIT;5031;29;;;;;5037;2;5038;27;;;5034.0;87.421875
0;8700;AMETHYSTS;9996;2;9995;22;;;10004;2;10005;22;;;10000.0;-16.0
0;8700;STARFRUIT;5035;1;5031;8;5030;24;5037;24;;;;;5036.0;100.875
0;8800;AMETHYSTS;9996;1;9995;30;;;10004;1;10005;30;;;10000.0;-16.0
0;8800;STARFRUIT;5030;31;;;;;5037;31;;;;;5033.5;98.15625
0;8900;STARFRUIT;5031;2;5030;26;;;5037;26;;;;;5034.0;102.484375
0;8900;AMETHYSTS;9995;26;;;;;10005;26;;;;;10000.0;-16.0
0;9000;AMETHYSTS;9995;23;;;;;10005;23;;;;;10000.0;-16.0
0;9000;STARFRUIT;5030;23;;;;;5037;23;;;;;5033.5;104.546875
0;9100;AMETHYSTS;9995;22;;;;;9998;1;10005;22;;;9996.5;-16.0
0;9100;STARFRUIT;5030;5;5029;22;;;5036;22;;;;;5033.0;110.59375
0;9200;AMETHYSTS;9996;2;9995;25;;;10004;2;10005;25;;;10000.0;-16.0
0;9200;STARFRUIT;5030;5;5029;25;;;5036;27;;;;;5033.0;108.71875
0;9300;STARFRUIT;5030;1;5029;29;;;5036;30;;;;;5033.0;109.578125
0;9300;AMETHYSTS;10002;11;9998;1;9996;1;10004;1;10005;29;;;10003.0;-16.0
0;9400;AMETHYSTS;10002;1;9996;2;9995;28;10004;2;10005;28;;;10003.0;-16.0
0;9400;STARFRUIT;5031;3;5030;30;;;5036;2;5037;28;;;5033.5;103.46875
0;9500;AMETHYSTS;10002;1;9996;2;9995;24;10004;2;10005;24;;;10003.0;-16.0
0;9500;STARFRUIT;5030;2;5029;24;;;5036;26;;;;;5033.0;110.3515625
0;9600;AMETHYSTS;9996;1;9995;20;;;10002;6;10004;1;10005;20;9999.0;-16.0
0;9600;STARFRUIT;5029;21;;;;;5036;21;;;;;5032.5;114.609375
0;9700;STARFRUIT;5029;31;;;;;5032;5;5034;5;5036;31;5030.5;116.6328125
0;9700;AMETHYSTS;9996;1;9995;30;;;10000;4;10004;1;10005;30;9998.0;-16.0
0;9800;AMETHYSTS;9998;1;9996;2;9995;24;10004;2;10005;24;;;10001.0;-16.0
0;9800;STARFRUIT;5029;26;;;;;5036;26;;;;;5032.5;117.0546875
0;9900;AMETHYSTS;9995;24;;;;;10005;24;;;;;10000.0;-16.0
0;9900;STARFRUIT;5029;24;;;;;5036;24;;;;;5032.5;120.890625
0;10000;AMETHYSTS;9995;27;;;;;10005;27;;;;;10000.0;-16.0
0;10000;STARFRUIT;5029;27;;;;;5036;27;;;;;5032.5;120.78125
0;10100;STARFRUIT;5028;21;;;;;5033;5;5035;21;;;5030.5;133.34375
0;10100;AMETHYSTS;10002;4;9996;1;9995;20;10004;1;10005;20;;;10003.0;-16.0
0;10200;AMETHYSTS;9995;20;;;;;10005;20;;;;;10000.0;-16.0
0;10200;STARFRUIT;5028;20;;;;;5035;20;;;;;5031.5;132.8515625
0;10300;AMETHYSTS;9996;1;9995;24;;;10004;1;10005;24;;;10000.0;-16.0
0;10300;STARFRUIT;5030;5;5029;25;;;5035;1;5036;24;;;5032.5;126.6796875
0;10400;AMETHYSTS;9995;25;;;;;10005;25;;;;;10000.0;-16.0
0;10400;STARFRUIT;5029;25;;;;;5036;25;;;;;5032.5;125.5078125
0;10500;STARFRUIT;5030;8;5029;26;;;5037;26;;;;;5033.5;108.1171875
0;10500;AMETHYSTS;9995;26;;;;;10005;26;;;;;10000.0;-16.0
0;10600;AMETHYSTS;9995;20;;;;;10005;20;;;;;10000.0;-16.0
0;10600;STARFRUIT;5034;3;5029;20;;;5036;20;;;;;5035.0;118.4375
0;10700;AMETHYSTS;9995;24;;;;;9998;3;10005;24;;;9996.5;-16.0
0;10700;STARFRUIT;5030;7;5029;24;;;5036;24;;;;;5033.0;127.546875
0;10800;AMETHYSTS;9995;23;;;;;10002;1;10005;23;;;9998.5;-16.0
0;10800;STARFRUIT;5030;6;5029;23;;;5036;23;;;;;5033.0;126.6015625
0;10900;STARFRUIT;5029;1;5028;22;;;5031;6;5035;23;;;5030.0;129.28125
0;10900;AMETHYSTS;9996;1;9995;22;;;10000;6;10004;1;10005;22;9998.0;-16.0
0;11000;AMETHYSTS;9996;1;9995;26;;;10004;1;10005;26;;;10000.0;-16.0
0;11000;STARFRUIT;5028;27;;;;;5033;2;5035;27;;;5030.5;141.9765625
0;11100;AMETHYSTS;9996;1;9995;30;;;10002;1;10004;1;10005;30;9999.0;-16.0
0;11100;STARFRUIT;5029;1;5028;31;;;5034;1;5035;30;;;5031.5;144.40625
0;11200;AMETHYSTS;9996;2;9995;28;;;10004;2;10005;28;;;10000.0;-16.0
0;11200;STARFRUIT;5028;2;5027;28;;;5032;5;5034;30;;;5030.0;152.3046875
0;11300;STARFRUIT;5027;27;;;;;5034;27;;;;;5030.5;157.6015625
0;11300;AMETHYSTS;9996;2;9995;25;;;10002;2;10004;2;10005;25;9999.0;-16.0
0;11400;AMETHYSTS;9995;30;;;;;10005;30;;;;;10000.0;-16.0
0;11400;STARFRUIT;5027;30;;;;;5034;30;;;;;5030.5;162.1015625
0;11500;AMETHYSTS;9996;1;9995;28;;;10004;1;10005;28;;;10000.0;-16.0
0;11500;STARFRUIT;5027;29;;;;;5032;5;5034;29;;;5029.5;153.8515625
0;11600;AMETHYSTS;9996;2;9995;22;;;10004;2;10005;22;;;10000.0;-16.0
0;11600;STARFRUIT;5027;24;;;;;5032;7;5034;24;;;5029.5;156.5546875
0;11700;STARFRUIT;5029;4;5027;2;5026;20;5033;22;;;;;5031.0;171.671875
0;11700;AMETHYSTS;10000;4;9996;2;9995;20;10004;2;10005;20;;;10002.0;-16.0
0;11800;AMETHYSTS;9998;10;9996;1;9995;21;10004;1;10005;21;;;10001.0;-16.0
0;11800;STARFRUIT;5026;22;;;;;5033;22;;;;;5029.5;178.3984375
0;11900;AMETHYSTS;10002;1;10000;4;9998;1;10004;1;10005;22;;;10003.0;-16.0
0;11900;STARFRUIT;5028;4;5026;1;5025;22;5032;23;;;;;5030.0;192.6796875
0;12000;STARFRUIT;5025;28;;;;;5032;28;;;;;5028.5;199.21875
0;12000;AMETHYSTS;9996;1;9995;27;;;10004;1;10005;27;;;10000.0;-16.0
0;12100;STARFRUIT;5026;2;5025;23;;;5032;25;;;;;5029.0;190.75
0;12100;AMETHYSTS;9996;2;9995;23;;;9998;8;10004;2;10005;23;9997.0;-16.0
0;12200;STARFRUIT;5025;25;;;;;5032;25;;;;;5028.5;192.984375
0;12200;AMETHYSTS;9996;2;9995;23;;;10004;2;10005;23;;;10000.0;-16.0
0;12300;AMETHYSTS;9996;1;9995;24;;;10002;3;10004;1;10005;24;9999.0;-16.0
0;12300;STARFRUIT;5026;5;5025;24;;;5032;25;;;;;5029.0;190.21875
0;12400;STARFRUIT;5026;29;;;;;5033;29;;;;;5029.5;183.96875
0;12400;AMETHYSTS;10002;1;9998;5;9995;29;10005;29;;;;;10003.5;-16.0
0;12500;STARFRUIT;5029;3;5026;23;;;5033;23;;;;;5031.0;181.59375
0;12500;AMETHYSTS;10000;3;9996;1;9995;22;10004;1;10005;22;;;10002.0;-16.0
0;12600;STARFRUIT;5029;4;5026;26;;;5033;26;;;;;5031.0;180.453125
0;12600;AMETHYSTS;10000;4;9995;26;;;10005;26;;;;;10002.5;-16.0
0;12700;AMETHYSTS;10002;1;9996;1;9995;27;10004;1;10005;27;;;10003.0;-16.0
0;12700;STARFRUIT;5027;28;;;;;5034;28;;;;;5030.5;162.75
0;12800;STARFRUIT;5030;4;5027;30;;;5034;30;;;;;5032.0;158.7109375
0;12800;AMETHYSTS;10000;4;9996;2;9995;28;10002;9;10004;2;10005;28;10001.0;-16.0
0;12900;STARFRUIT;5027;23;;;;;5032;2;5034;23;;;5029.5;159.25
0;12900;AMETHYSTS;9996;2;9995;21;;;10002;4;10004;2;10005;21;9999.0;-16.0
0;13000;STARFRUIT;5027;32;;;;;5034;32;;;;;5030.5;155.9609375
0;13000;AMETHYSTS;9996;2;9995;30;;;10002;2;10004;2;10005;30;9999.0;-16.0
0;13100;AMETHYSTS;9995;21;;;;;10000;2;10005;21;;;9997.5;-16.0
0;13100;STARFRUIT;5028;21;;;;;5031;2;5035;21;;;5029.5;146.3203125
0;13200;STARFRUIT;5033;1;5029;7;5028;31;5035;31;;;;;5034.0;141.921875
0;13200;AMETHYSTS;9998;9;9996;2;9995;29;10004;2;10005;29;;;10001.0;-16.0
0;13300;STARFRUIT;5028;23;;;;;5035;23;;;;;5031.5;137.578125
0;13300;AMETHYSTS;10002;2;9996;1;9995;22;10004;1;10005;22;;;10003.0;-16.0
0;13400;STARFRUIT;5028;26;;;;;5035;26;;;;;5031.5;137.53125
0;13400;AMETHYSTS;9995;26;;;;;10005;26;;;;;10000.0;-16.0
0;13500;AMETHYSTS;9996;1;9995;24;;;10004;1;10005;24;;;10000.0;-16.0
0;13500;STARFRUIT;5028;25;;;;;5035;25;;;;;5031.5;141.6328125
0;13600;STARFRUIT;5028;26;;;;;5033;3;5035;26;;;5030.5;136.4453125
0;13600;AMETHYSTS;9996;2;9995;24;;;10002;6;10004;2;10005;24;9999.0;-16.0
0;13700;STARFRUIT;5028;28;;;;;5035;28;;;;;5031.5;131.75
0;13700;AMETHYSTS;10002;1;9995;28;;;10005;28;;;;;10003.5;-16.0
0;13800;STARFRUIT;5028;23;;;;;5035;23;;;;;5031.5;129.28125
0;13800;AMETHYSTS;9998;1;9995;23;;;10005;23;;;;;10001.5;-16.0
0;13900;AMETHYSTS;9996;1;9995;20;;;10004;1;10005;20;;;10000.0;-16.0
0;13900;STARFRUIT;5029;21;;;;;5031;3;5036;21;;;5030.0;116.53125
0;14000;STARFRUIT;5030;3;5029;28;;;5036;29;;;;;5033.0;110.7265625
0;14000;AMETHYSTS;10002;6;9998;1;9996;1;10004;1;10005;28;;;10003.0;-16.0
0;14100;STARFRUIT;5029;22;;;;;5036;22;;;;;5032.5;113.890625
0;14100;AMETHYSTS;9996;2;9995;20;;;10002;4;10004;2;10005;20;9999.0;-16.0
0;14200;STARFRUIT;5029;21;;;;;5036;21;;;;;5032.5;117.78125
0;14200;AMETHYSTS;9995;21;;;;;10005;21;;;;;10000.0;-16.0
0;14300;AMETHYSTS;9996;1;9995;21;;;10004;1;10005;21;;;10000.0;-16.0
0;14300;STARFRUIT;5029;1;5028;21;;;5035;22;;;;;5032.0;129.4453125
0;14400;STARFRUIT;5029;22;;;;;5036;23;;;;;5032.5;119.421875
0;14400;AMETHYSTS;10002;4;9996;2;9995;21;10004;2;10005;21;;;10003.0;-16.0
0;14500;AMETHYSTS;9996;1;9995;28;;;10002;10;10004;1;10005;28;9999.0;-16.0
0;14500;STARFRUIT;5029;29;;;;;5034;6;5036;29;;;5031.5;119.6796875
0;14600;AMETHYSTS;9996;1;9995;27;;;10004;1;10005;27;;;10000.0;-16.0
0;14600;STARFRUIT;5029;1;5028;27;;;5030;3;5035;1;5036;27;5029.5;128.3046875
0;14700;AMETHYSTS;9996;1;9995;23;;;10004;1;10005;23;;;10000.0;-16.0
0;14700;STARFRUIT;5029;24;;;;;5034;2;5035;1;5036;23;5031.5;126.921875
0;14800;STARFRUIT;5029;1;5028;30;;;5033;3;5035;31;;;5031.0;131.15625
0;14800;AMETHYSTS;9996;1;9995;30;;;9998;1;10004;1;10005;30;9997.0;-16.0
0;14900;AMETHYSTS;9996;1;9995;25;;;10002;1;10004;1;10005;25;9999.0;-16.0
0;14900;STARFRUIT;5032;4;5028;26;;;5035;26;;;;;5033.5;141.9453125
0;15000;AMETHYSTS;9996;2;9995;25;;;10004;2;10005;25;;;10000.0;-16.0
0;15000;STARFRUIT;5029;6;5028;25;;;5035;27;;;;;5032.0;128.578125
0;15100;AMETHYSTS;9996;1;9995;20;;;9998;1;10004;1;10005;20;9997.0;-16.0
0;15100;STARFRUIT;5028;21;;;;;5035;21;;;;;5031.5;139.8359375
0;15200;STARFRUIT;5031;4;5029;4;5028;23;5035;23;;;;;5033.0;135.4609375
0;15200;AMETHYSTS;10000;4;9996;2;9995;21;10002;4;10004;2;10005;21;10001.0;-16.0
0;15300;AMETHYSTS;9996;2;9995;22;;;10002;7;10004;2;10005;22;9999.0;-16.0
0;15300;STARFRUIT;5028;2;5027;22;;;5033;6;5034;2;5035;22;5030.5;147.953125
0;15400;AMETHYSTS;9995;30;;;;;10005;30;;;;;10000.0;-16.0
0;15400;STARFRUIT;5027;30;;;;;5034;30;;;;;5030.5;152.296875
0;15500;AMETHYSTS;9995;25;;;;;9998;11;10005;25;;;9996.5;-16.0
0;15500;STARFRUIT;5028;25;;;;;5035;25;;;;;5031.5;147.40625
0;15600;STARFRUIT;5028;23;;;;;5034;1;5035;22;;;5031.0;146.921875
0;15600;AMETHYSTS;9996;1;9995;22;;;10004;1;10005;22;;;10000.0;-8.0
0;15700;AMETHYSTS;9996;2;9995;28;;;10004;2;10005;28;;;10000.0;-8.0
0;15700;STARFRUIT;5028;30;;;;;5033;1;5034;2;5035;28;5030.5;146.203125
0;15800;AMETHYSTS;9998;6;9996;2;9995;26;10004;2;10005;26;;;10001.0;-8.0
0;15800;STARFRUIT;5029;4;5028;28;;;5035;28;;;;;5032.0;133.46875
0;15900;AMETHYSTS;9996;1;9995;20;;;10002;8;10004;1;10005;20;9999.0;-8.0
0;15900;STARFRUIT;5029;1;5028;20;;;5030;3;5035;21;;;5029.5;130.578125
0;16000;STARFRUIT;5029;22;;;;;5034;4;5036;22;;;5031.5;122.96875
0;16000;AMETHYSTS;9996;2;9995;20;;;10004;2;10005;20;;;10000.0;-8.0
0;16100;AMETHYSTS;9996;1;9995;26;;;10004;1;10005;26;;;10000.0;-8.0
0;16100;STARFRUIT;5029;27;;;;;5031;2;5034;8;5036;27;5030.0;116.7421875
0;16200;AMETHYSTS;9995;27;;;;;10002;4;10005;27;;;9998.5;-8.0
0;16200;STARFRUIT;5029;26;;;;;5036;27;;;;;5032.5;126.734375
0;16300;AMETHYSTS;9996;1;9995;21;;;10004;1;10005;21;;;10000.0;-8.0
0;16300;STARFRUIT;5029;22;;;;;5036;22;;;;;5032.5;122.703125
0;16400;AMETHYSTS;9996;2;9995;25;;;10002;6;10004;2;10005;25;9999.0;-8.0
0;16400;STARFRUIT;5028;27;;;;;5033;7;5035;27;;;5030.5;132.8359375
0;16500;AMETHYSTS;9995;22;;;;;10005;22;;;;;10000.0;-8.0
0;16500;STARFRUIT;5028;22;;;;;5033;1;5035;22;;;5030.5;147.140625
0;16600;AMETHYSTS;9995;26;;;;;10005;26;;;;;10000.0;-8.0
0;16600;STARFRUIT;5029;7;5028;26;;;5035;26;;;;;5032.0;146.859375
0;16700;STARFRUIT;5028;25;;;;;5035;25;;;;;5031.5;142.1875
0;16700;AMETHYSTS;10002;1;9998;2;9995;25;10005;25;;;;;10003.5;-8.0
0;16800;AMETHYSTS;10000;2;9996;2;9995;25;10004;2;10005;25;;;10002.0;-8.0
0;16800;STARFRUIT;5031;2;5028;27;;;5035;27;;;;;5033.0;140.3359375
0;16900;AMETHYSTS;9996;2;9995;22;;;10004;2;10005;22;;;10000.0;-8.0
0;16900;STARFRUIT;5028;24;;;;;5035;24;;;;;5031.5;141.59375
0;17000;AMETHYSTS;9996;1;9995;25;;;10004;1;10005;25;;;10000.0;-8.0
0;17000;STARFRUIT;5029;1;5028;26;;;5034;1;5035;25;;;5031.5;146.8203125
0;17100;STARFRUIT;5028;1;5027;26;;;5034;27;;;;;5031.0;150.4921875
0;17100;AMETHYSTS;9996;1;9995;26;;;10004;1;10005;26;;;10000.0;-8.0
0;17200;AMETHYSTS;9996;1;9995;27;;;10004;1;10005;27;;;10000.0;-8.0
0;17200;STARFRUIT;5028;5;5027;28;;;5034;28;;;;;5031.0;162.671875
0;17300;AMETHYSTS;9996;1;9995;27;;;10004;1;10005;27;;;10000.0;-8.0
0;17300;STARFRUIT;5026;28;;;;;5031;6;5032;1;5033;27;5028.5;186.40625
0;17400;AMETHYSTS;9995;25;;;;;9998;11;10005;25;;;9996.5;-8.0
0;17400;STARFRUIT;5030;3;5026;2;5025;25;5032;25;;;;;5031.0;190.171875
0;17500;STARFRUIT;5026;28;;;;;5033;28;;;;;5029.5;181.390625
0;17500;AMETHYSTS;9996;2;9995;26;;;10004;2;10005;26;;;10000.0;-8.0
0;17600;AMETHYSTS;9996;1;9995;29;;;10004;1;10005;29;;;10000.0;-8.0
0;17600;STARFRUIT;5027;3;5026;30;;;5032;1;5033;29;;;5029.5;187.140625
0;17700;AMETHYSTS;9998;2;9995;22;;;10005;22;;;;;10001.5;-8.0
0;17700;STARFRUIT;5026;22;;;;;5033;22;;;;;5029.5;179.7890625
0;17800;AMETHYSTS;9996;2;9995;30;;;9998;3;10002;5;10004;2;9997.0;-8.0
0;17800;STARFRUIT;5026;32;;;;;5031;5;5033;32;;;5028.5;174.15625
0;17900;STARFRUIT;5032;1;5029;2;5026;21;5033;21;;;;;5032.5;174.875
0;17900;AMETHYSTS;9995;21;;;;;9998;1;10002;3;10005;21;9996.5;-8.0
0;18000;AMETHYSTS;9995;24;;;;;10005;24;;;;;10000.0;-8.0
0;18000;STARFRUIT;5026;24;;;;;5033;24;;;;;5029.5;180.53125
0;18100;AMETHYSTS;9996;2;9995;28;;;10004;2;10005;28;;;10000.0;-8.0
0;18100;STARFRUIT;5026;30;;;;;5033;30;;;;;5029.5;180.71875
0;18200;AMETHYSTS;9996;2;9995;23;;;10002;10;10004;2;10005;23;9999.0;-8.0
0;18200;STARFRUIT;5027;25;;;;;5033;2;5034;23;;;5030.0;167.5
0;18300;STARFRUIT;5027;20;;;;;5034;20;;;;;5030.5;163.3984375
0;18300;AMETHYSTS;9995;20;;;;;10005;20;;;;;10000.0;-8.0
0;18400;AMETHYSTS;9996;1;9995;21;;;10004;1;10005;21;;;10000.0;-8.0
0;18400;STARFRUIT;5032;1;5027;22;;;5033;1;5034;21;;;5032.5;165.6953125
0;18500;AMETHYSTS;9996;2;9995;21;;;10004;2;10005;21;;;10000.0;-8.0
0;18500;STARFRUIT;5027;23;;;;;5029;1;5034;23;;;5028.0;156.2109375
0;18600;AMETHYSTS;9996;1;9995;21;;;10004;1;10005;21;;;10000.0;-8.0
0;18600;STARFRUIT;5028;22;;;;;5029;9;5035;22;;;5028.5;142.3125
0;18700;STARFRUIT;5028;30;;;;;5035;30;;;;;5031.5;131.421875
0;18700;AMETHYSTS;10002;1;9995;30;;;10005;30;;;;;10003.5;-8.0
0;18800;AMETHYSTS;9995;24;;;;;10002;7;10005;24;;;9998.5;-8.0
0;18800;STARFRUIT;5028;24;;;;;5035;24;;;;;5031.5;137.375
0;18900;AMETHYSTS;10002;1;9995;25;;;10005;25;;;;;10003.5;-8.0
0;18900;STARFRUIT;5030;7;5029;25;;;5036;25;;;;;5033.0;121.75
0;19000;AMETHYSTS;9996;1;9995;30;;;10004;1;10005;30;;;10000.0;-8.0
0;19000;STARFRUIT;5029;31;;;;;5036;31;;;;;5032.5;116.15625
0;19100;STARFRUIT;5030;2;5029;21;;;5036;23;;;;;5033.0;108.2890625
0;19100;AMETHYSTS;9996;2;9995;21;;;10004;2;10005;21;;;10000.0;-8.0
0;19200;AMETHYSTS;9995;26;;;;;10002;1;10005;26;;;9998.5;-8.0
0;19200;STARFRUIT;5030;26;;;;;5037;26;;;;;5033.5;101.171875
0;19300;AMETHYSTS;9996;2;9995;23;;;9998;6;10004;2;10005;23;9997.0;-8.0
0;19300;STARFRUIT;5032;2;5031;23;;;5038;25;;;;;5035.0;70.75
0;19400;AMETHYSTS;9996;2;9995;24;;;10002;5;10004;2;10005;24;9999.0;-8.0
0;19400;STARFRUIT;5032;26;;;;;5038;2;5039;24;;;5035.0;64.7734375
0;19500;STARFRUIT;5031;23;;;;;5038;23;;;;;5034.5;69.953125
0;19500;AMETHYSTS;9995;23;;;;;10005;23;;;;;10000.0;-8.0
0;19600;AMETHYSTS;10002;1;9998;5;9996;1;10004;1;10005;26;;;10003.0;-8.0
0;19600;STARFRUIT;5032;27;;;;;5038;1;5039;26;;;5035.0;64.421875
0;19700;AMETHYSTS;9996;2;9995;29;;;10004;2;10005;29;;;10000.0;-8.0
0;19700;STARFRUIT;5032;31;;;;;5039;31;;;;;5035.5;52.8203125
0;19800;AMETHYSTS;9996;2;9995;26;;;10004;2;10005;26;;;10000.0;-8.0
0;19800;STARFRUIT;5033;2;5032;26;;;5039;28;;;;;5036.0;48.375
0;19900;STARFRUIT;5033;1;5032;22;;;5039;23;;;;;5036.0;49.234375
0;19900;AMETHYSTS;9996;1;9995;22;;;9998;1;10004;1;10005;22;9997.0;-8.0
0;20000;AMETHYSTS;9995;26;;;;;9998;1;10005;26;;;9996.5;-8.0
0;20000;STARFRUIT;5032;26;;;;;5037;4;5039;26;;;5034.5;52.234375
0;20100;AMETHYSTS;9996;1;9995;29;;;9998;4;10004;1;10005;29;9997.0;-8.0
0;20100;STARFRUIT;5033;30;;;;;5038;4;5039;1;5040;29;5035.5;43.5703125
0;20200;AMETHYSTS;10002;1;9995;20;;;10005;20;;;;;10003.5;-8.0
0;20200;STARFRUIT;5032;20;;;;;5039;20;;;;;5035.5;52.40625
0;20300;STARFRUIT;5032;24;;;;;5039;24;;;;;5035.5;48.6015625
0;20300;AMETHYSTS;10002;4;9995;24;;;10005;24;;;;;10003.5;-6.0
0;20400;AMETHYSTS;10002;2;9996;1;9995;27;10004;1;10005;27;;;10003.0;-6.0
0;20400;STARFRUIT;5032;28;;;;;5033;3;5039;28;;;5032.5;60.2421875
0;20500;AMETHYSTS;9998;7;9996;1;9995;25;10004;1;10005;25;;;10001.0;-10.0
0;20500;STARFRUIT;5032;26;;;;;5033;8;5039;26;;;5032.5;55.0078125
0;20600;AMETHYSTS;9996;1;9995;24;;;9998;4;10002;5;10004;1;9997.0;-10.0
0;20600;STARFRUIT;5033;25;;;;;5040;25;;;;;5036.5;41.0546875
0;20700;STARFRUIT;5038;2;5034;3;5033;30;5041;30;;;;;5039.5;27.2421875
0;20700;AMETHYSTS;9995;30;;;;;10005;30;;;;;10000.0;-10.0
0;20800;AMETHYSTS;9996;2;9995;24;;;10004;2;10005;24;;;10000.0;-10.0
0;20800;STARFRUIT;5034;26;;;;;5040;2;5041;24;;;5037.0;24.7734375
0;20900;AMETHYSTS;9996;2;9995;29;;;10004;2;10005;29;;;10000.0;-10.0
0;20900;STARFRUIT;5034;31;;;;;5035;1;5041;31;;;5034.5;16.2109375
0;21000;STARFRUIT;5034;26;;;;;5041;26;;;;;5037.5;14.6953125
0;21000;AMETHYSTS;9996;1;9995;25;;;10004;1;10005;25;;;10000.0;-10.0
0;21100;STARFRUIT;5034;28;;;;;5037;2;5041;28;;;5035.5;20.2421875
0;21100;AMETHYSTS;9995;28;;;;;10000;2;10005;28;;;9997.5;-10.0
0;21200;STARFRUIT;5040;1;5034;29;;;5041;29;;;;;5040.5;12.3984375
0;21200;AMETHYSTS;9995;29;;;;;9998;1;10005;29;;;9996.5;-10.0
0;21300;AMETHYSTS;9995;22;;;;;10005;22;;;;;10000.0;-10.0
0;21300;STARFRUIT;5034;22;;;;;5040;2;5042;22;;;5037.0;6.59375
0;21400;STARFRUIT;5035;1;5034;29;;;5041;30;;;;;5038.0;8.9921875
0;21400;AMETHYSTS;9996;1;9995;29;;;10004;1;10005;29;;;10000.0;-10.0
0;21500;STARFRUIT;5034;28;;;;;5035;5;5041;30;;;5034.5;8.765625
0;21500;AMETHYSTS;9996;2;9995;28;;;10004;2;10005;28;;;10000.0;-10.0
0;21600;STARFRUIT;5035;22;;;;;5042;22;;;;;5038.5;1.296875
0;21600;AMETHYSTS;9998;5;9996;2;9995;20;10004;2;10005;20;;;10001.0;-10.0
0;21700;AMETHYSTS;9996;2;9995;25;;;10004;2;10005;25;;;10000.0;-10.0
0;21700;STARFRUIT;5035;6;5034;25;;;5041;2;5042;25;;;5038.0;7.125
0;21800;STARFRUIT;5035;26;;;;;5042;26;;;;;5038.5;-5.796875
0;21800;AMETHYSTS;9996;1;9995;25;;;10004;1;10005;25;;;10000.0;-10.0
0;21900;STARFRUIT;5035;27;;;;;5042;27;;;;;5038.5;-4.984375
0;21900;AMETHYSTS;9995;27;;;;;10002;3;10005;27;;;9998.5;-10.0
0;22000;STARFRUIT;5035;22;;;;;5042;22;;;;;5038.5;-6.2421875
0;22000;AMETHYSTS;9996;2;9995;20;;;10004;2;10005;20;;;10000.0;-10.0
0;22100;AMETHYSTS;9995;22;;;;;10005;22;;;;;10000.0;-10.0
0;22100;STARFRUIT;5035;22;;;;;5040;4;5042;22;;;5037.5;-0.96875
0;22200;STARFRUIT;5036;3;5035;23;;;5042;23;;;;;5039.0;-10.8203125
0;22200;AMETHYSTS;10002;1;9995;23;;;10005;23;;;;;10003.5;-10.0
0;22300;STARFRUIT;5036;30;;;;;5043;30;;;;;5039.5;-19.9921875
0;22300;AMETHYSTS;9996;2;9995;28;;;10004;2;10005;28;;;10000.0;-10.0
0;22400;STARFRUIT;5036;24;;;;;5043;24;;;;;5039.5;-26.7421875
0;22400;AMETHYSTS;9996;1;9995;23;;;10002;2;10004;1;10005;23;9999.0;-10.0
0;22500;AMETHYSTS;9998;2;9995;27;;;10005;27;;;;;10001.5;-10.0
0;22500;STARFRUIT;5041;1;5036;27;;;5043;27;;;;;5042.0;-15.65625
0;22600;STARFRUIT;5042;1;5041;4;5037;4;5043;26;;;;;5042.5;-26.0625
0;22600;AMETHYSTS;9998;5;9996;1;9995;25;10004;1;10005;25;;;10001.0;-10.0
0;22700;STARFRUIT;5036;26;;;;;5042;1;5043;25;;;5039.0;-15.09375
0;22700;AMETHYSTS;9996;1;9995;25;;;10002;9;10004;1;10005;25;9999.0;-10.0
0;22800;STARFRUIT;5036;27;;;;;5043;27;;;;;5039.5;-19.1796875
0;22800;AMETHYSTS;10002;1;9996;1;9995;26;10004;1;10005;26;;;10003.0;-10.0
0;22900;AMETHYSTS;10002;2;9996;1;9995;22;10004;1;10005;22;;;10003.0;-10.0
0;22900;STARFRUIT;5036;23;;;;;5037;1;5041;4;5043;23;5036.5;-25.7734375
0;23000;STARFRUIT;5042;1;5037;1;5036;20;5043;21;;;;;5042.5;-28.6875
0;23000;AMETHYSTS;9996;1;9995;20;;;10002;2;10004;1;10005;20;9999.0;-10.0
0;23100;STARFRUIT;5038;7;5037;28;;;5043;2;5044;26;;;5040.5;-37.2109375
0;23100;AMETHYSTS;9996;2;9995;26;;;10004;2;10005;26;;;10000.0;-10.0
0;23200;AMETHYSTS;9996;1;9995;24;;;10002;4;10004;1;10005;24;9999.0;-10.0
0;23200;STARFRUIT;5037;2;5036;24;;;5043;25;;;;;5040.0;-30.8984375
0;23300;AMETHYSTS;9996;2;9995;21;;;10004;2;10005;21;;;10000.0;-10.0
0;23300;STARFRUIT;5037;2;5036;21;;;5043;2;5044;21;;;5040.0;-32.5703125
0;23400;STARFRUIT;5037;1;5036;29;;;5043;1;5044;29;;;5040.0;-32.9140625
0;23400;AMETHYSTS;9996;1;9995;29;;;10004;1;10005;29;;;10000.0;-10.0
0;23500;AMETHYSTS;9996;1;9995;30;;;10004;1;10005;30;;;10000.0;-10.0
0;23500;STARFRUIT;5038;3;5037;31;;;5044;31;;;;;5041.0;-39.609375
0;23600;AMETHYSTS;9996;2;9995;25;;;10004;2;10005;25;;;10000.0;-10.0
0;23600;STARFRUIT;5037;1;5036;25;;;5043;27;;;;;5040.0;-31.96875
0;23700;AMETHYSTS;9996;1;9995;20;;;10004;1;10005;20;;;10000.0;-10.0
0;23700;STARFRUIT;5042;1;5037;21;;;5043;1;5044;20;;;5042.5;-33.671875
0;23800;STARFRUIT;5037;22;;;;;5044;22;;;;;5040.5;-34.015625
0;23800;AMETHYSTS;9995;22;;;;;10005;22;;;;;10000.0;-10.0
0;23900;AMETHYSTS;9995;27;;;;;10005;27;;;;;10000.0;-10.0
0;23900;STARFRUIT;5037;27;;;;;5044;27;;;;;5040.5;-34.25
0;24000;AMETHYSTS;9995;29;;;;;10005;29;;;;;10000.0;-10.0
0;24000;STARFRUIT;5038;6;5037;29;;;5044;29;;;;;5041.0;-48.0390625
0;24100;AMETHYSTS;9996;2;9995;20;;;10004;2;10005;20;;;10000.0;-10.0
0;24100;STARFRUIT;5037;22;;;;;5044;22;;;;;5040.5;-46.6015625
0;24200;STARFRUIT;5038;24;;;;;5043;8;5044;1;5045;23;5040.5;-55.859375
0;24200;AMETHYSTS;9996;1;9995;23;;;10002;7;10004;1;10005;23;9999.0;-10.0
0;24300;AMETHYSTS;10002;1;9995;27;;;10005;27;;;;;10003.5;-10.0
0;24300;STARFRUIT;5038;26;;;;;5043;5;5045;27;;;5040.5;-54.5546875
0;24400;AMETHYSTS;9996;1;9995;28;;;10004;1;10005;28;;;10000.0;-10.0
0;24400;STARFRUIT;5038;9;5037;28;;;5044;29;;;;;5041.0;-49.59375
0;24500;AMETHYSTS;9996;2;9995;24;;;10002;10;10004;2;10005;24;9999.0;-10.0
0;24500;STARFRUIT;5037;26;;;;;5044;26;;;;;5040.5;-40.3125
0;24600;STARFRUIT;5038;2;5037;22;;;5044;24;;;;;5041.0;-49.3359375
0;24600;AMETHYSTS;9996;2;9995;22;;;10002;10;10004;2;10005;22;9999.0;-10.0
0;24700;AMETHYSTS;9996;2;9995;20;;;10004;2;10005;20;;;10000.0;-10.0
0;24700;STARFRUIT;5037;22;;;;;5044;22;;;;;5040.5;-43.796875
0;24800;AMETHYSTS;9995;28;;;;;10005;28;;;;;10000.0;-10.0
0;24800;STARFRUIT;5037;28;;;;;5044;28;;;;;5040.5;-43.78125
0;24900;AMETHYSTS;9998;7;9995;24;;;10005;24;;;;;10001.5;-10.0
0;24900;STARFRUIT;5037;24;;;;;5044;24;;;;;5040.5;-39.796875
0;25000;STARFRUIT;5037;28;;;;;5043;1;5044;27;;;5040.0;-35.609375
0;25000;AMETHYSTS;10002;1;9996;1;9995;27;10004;1;10005;27;;;10003.0;-10.0
0;25100;AMETHYSTS;9998;8;9996;1;9995;26;10004;1;10005;26;;;10001.0;-10.0
0;25100;STARFRUIT;5036;27;;;;;5043;27;;;;;5039.5;-28.2734375
0;25200;AMETHYSTS;9996;2;9995;24;;;10000;4;10004;2;10005;24;9998.0;-10.0
0;25200;STARFRUIT;5037;6;5036;26;;;5039;4;5043;26;;;5038.0;-27.78125
0;25300;STARFRUIT;5036;22;;;;;5042;1;5043;21;;;5039.0;-15.3046875
0;25300;AMETHYSTS;9998;9;9996;1;9995;21;10004;1;10005;21;;;10001.0;-10.0
0;25400;AMETHYSTS;10002;3;9996;2;9995;27;10004;2;10005;27;;;10003.0;-10.0
0;25400;STARFRUIT;5035;29;;;;;5042;29;;;;;5038.5;-8.265625
0;25500;AMETHYSTS;9996;1;9995;23;;;10004;1;10005;23;;;10000.0;-10.0
0;25500;STARFRUIT;5036;1;5035;23;;;5040;6;5042;24;;;5038.0;-11.0
0;25600;AMETHYSTS;9995;24;;;;;10005;24;;;;;10000.0;-10.0
0;25600;STARFRUIT;5035;24;;;;;5040;6;5042;24;;;5037.5;-3.5078125
0;25700;STARFRUIT;5036;1;5035;24;;;5042;1;5043;24;;;5039.0;-13.2734375
0;25700;AMETHYSTS;9996;1;9995;24;;;10004;1;10005;24;;;10000.0;-10.0
0;25800;AMETHYSTS;10002;1;9996;2;9995;27;10004;2;10005;27;;;10003.0;-10.0
0;25800;STARFRUIT;5037;29;;;;;5043;2;5044;27;;;5040.0;-33.515625
0;25900;AMETHYSTS;9996;2;9995;27;;;10004;2;10005;27;;;10000.0;-10.0
0;25900;STARFRUIT;5037;29;;;;;5044;29;;;;;5040.5;-40.515625
0;26000;AMETHYSTS;9995;27;;;;;10005;27;;;;;10000.0;-10.0
0;26000;STARFRUIT;5042;1;5037;27;;;5044;27;;;;;5043.0;-37.0703125
0;26100;STARFRUIT;5042;1;5038;2;5037;25;5043;1;5044;24;;;5042.5;-35.453125
0;26100;AMETHYSTS;10002;1;9998;3;9996;1;10004;1;10005;24;;;10003.0;-10.0
0;26200;AMETHYSTS;10002;1;9996;2;9995;27;10004;2;10005;27;;;10003.0;-10.0
0;26200;STARFRUIT;5037;29;;;;;5043;2;5044;27;;;5040.0;-35.1015625
0;26300;AMETHYSTS;9996;1;9995;25;;;10002;1;10004;1;10005;25;9999.0;-10.0
0;26300;STARFRUIT;5037;26;;;;;5038;1;5044;26;;;5037.5;-47.09375
0;26400;AMETHYSTS;9995;27;;;;;10005;27;;;;;10000.0;-10.0
0;26400;STARFRUIT;5037;27;;;;;5044;27;;;;;5040.5;-52.1796875
0;26500;STARFRUIT;5038;22;;;;;5044;1;5045;21;;;5041.0;-57.28125
0;26500;AMETHYSTS;9996;1;9995;21;;;10004;1;10005;21;;;10000.0;-10.0
0;26600;AMETHYSTS;9996;2;9995;29;;;9998;4;10004;2;10005;29;9997.0;-10.0
0;26600;STARFRUIT;5037;31;;;;;5044;31;;;;;5040.5;-44.375
0;26700;AMETHYSTS;9995;26;;;;;10005;26;;;;;10000.0;-10.0
0;26700;STARFRUIT;5042;1;5038;8;5037;26;5044;26;;;;;5043.0;-41.9765625
0;26800;AMETHYSTS;10002;1;9998;7;9995;20;10005;20;;;;;10003.5;-10.0
0;26800;STARFRUIT;5037;20;;;;;5044;20;;;;;5040.5;-44.890625
0;26900;STARFRUIT;5037;22;;;;;5044;22;;;;;5040.5;-46.734375
0;26900;AMETHYSTS;9995;22;;;;;10005;22;;;;;10000.0;-10.0
0;27000;AMETHYSTS;9998;2;9996;1;9995;26;10004;1;10005;26;;;10001.0;-10.0
0;27000;STARFRUIT;5037;27;;;;;5042;6;5044;27;;;5039.5;-39.796875
0;27100;AMETHYSTS;9996;2;9995;27;;;9998;1;10002;10;10004;2;9997.0;-10.0
0;27100;STARFRUIT;5043;1;5037;29;;;5044;29;;;;;5043.5;-46.0390625
0;27200;AMETHYSTS;9998;3;9996;2;9995;23;10004;2;10005;23;;;10001.0;-10.0
0;27200;STARFRUIT;5042;1;5038;7;5037;25;5043;2;5044;23;;;5042.5;-37.4140625
0;27300;STARFRUIT;5037;25;;;;;5038;1;5044;25;;;5037.5;-53.59375
0;27300;AMETHYSTS;9995;25;;;;;10002;8;10005;25;;;9998.5;-10.0
0;27400;AMETHYSTS;9996;1;9995;22;;;9998;3;10004;1;10005;22;9997.0;-10.0
0;27400;STARFRUIT;5041;6;5039;1;5038;22;5045;23;;;;;5043.0;-65.15625
0;27500;AMETHYSTS;9995;30;;;;;10005;30;;;;;10000.0;-10.0
0;27500;STARFRUIT;5038;30;;;;;5045;30;;;;;5041.5;-64.015625
0;27600;AMETHYSTS;9996;2;9995;26;;;10002;4;10004;2;10005;26;9999.0;-10.0
0;27600;STARFRUIT;5043;1;5039;6;5038;28;5045;28;;;;;5044.0;-59.84375
0;27700;STARFRUIT;5038;32;;;;;5045;32;;;;;5041.5;-61.6875
0;27700;AMETHYSTS;9996;2;9995;30;;;10004;2;10005;30;;;10000.0;-10.0
0;27800;AMETHYSTS;9998;2;9996;2;9995;20;10004;2;10005;20;;;10001.0;-10.0
0;27800;STARFRUIT;5039;5;5038;22;;;5044;2;5045;20;;;5041.5;-52.96875
0;27900;AMETHYSTS;9995;29;;;;;10005;29;;;;;10000.0;-10.0
0;27900;STARFRUIT;5038;29;;;;;5043;8;5045;29;;;5040.5;-64.9375
0;28000;AMETHYSTS;9995;22;;;;;10005;22;;;;;10000.0;-10.0
0;28000;STARFRUIT;5039;4;5038;22;;;5045;22;;;;;5042.0;-61.1796875
0;28100;STARFRUIT;5039;21;;;;;5046;21;;;;;5042.5;-79.546875
0;28100;AMETHYSTS;9996;1;9995;20;;;10004;1;10005;20;;;10000.0;-10.0
0;28200;AMETHYSTS;9995;23;;;;;10005;23;;;;;10000.0;-10.0
0;28200;STARFRUIT;5039;23;;;;;5046;23;;;;;5042.5;-78.234375
0;28300;AMETHYSTS;9996;2;9995;28;;;10004;2;10005;28;;;10000.0;-10.0
0;28300;STARFRUIT;5039;30;;;;;5045;2;5046;28;;;5042.0;-74.78125
0;28400;AMETHYSTS;9995;20;;;;;10002;8;10005;20;;;9998.5;-10.0
0;28400;STARFRUIT;5039;20;;;;;5046;20;;;;;5042.5;-77.4375
0;28500;STARFRUIT;5039;5;5038;28;;;5045;30;;;;;5042.0;-69.3515625
0;28500;AMETHYSTS;9996;2;9995;28;;;10004;2;10005;28;;;10000.0;-10.0
0;28600;AMETHYSTS;9996;2;9995;26;;;10000;5;10002;5;10004;2;9998.0;-10.0
0;28600;STARFRUIT;5039;27;;;;;5042;5;5045;2;5046;26;5040.5;-74.2578125
0;28700;AMETHYSTS;9998;8;9996;2;9995;22;10004;2;10005;22;;;10001.0;-10.0
0;28700;STARFRUIT;5039;23;;;;;5045;2;5046;22;;;5042.0;-74.4375
0;28800;AMETHYSTS;9995;21;;;;;10002;8;10005;21;;;9998.5;-10.0
0;28800;STARFRUIT;5038;21;;;;;5046;21;;;;;5042.0;-71.703125
0;28900;STARFRUIT;5040;1;5039;23;;;5045;1;5046;22;;;5042.5;-75.40625
0;28900;AMETHYSTS;9996;1;9995;22;;;10002;5;10004;1;10005;22;9999.0;-10.0
0;29000;AMETHYSTS;10002;1;9996;2;9995;24;10004;2;10005;24;;;10003.0;-10.0
0;29000;STARFRUIT;5039;26;;;;;5045;2;5046;24;;;5042.0;-75.921875
0;29100;AMETHYSTS;9995;23;;;;;10002;2;10005;23;;;9998.5;-10.0
0;29100;STARFRUIT;5039;23;;;;;5046;23;;;;;5042.5;-74.90625
0;29200;AMETHYSTS;9996;1;9995;22;;;10004;1;10005;22;;;10000.0;-10.0
0;29200;STARFRUIT;5040;1;5039;22;;;5046;23;;;;;5043.0;-89.4609375
0;29300;STARFRUIT;5040;23;;;;;5046;1;5047;22;;;5043.0;-95.1328125
0;29300;AMETHYSTS;9996;1;9995;22;;;10004;1;10005;22;;;10000.0;-10.0
0;29400;AMETHYSTS;9996;2;9995;23;;;10002;4;10004;2;10005;23;9999.0;-10.0
0;29400;STARFRUIT;5039;25;;;;;5046;25;;;;;5042.5;-84.5625
0;29500;AMETHYSTS;9998;6;9995;20;;;10005;20;;;;;10001.5;-10.0
0;29500;STARFRUIT;5039;20;;;;;5040;1;5046;20;;;5039.5;-89.3125
0;29600;AMETHYSTS;9996;1;9995;26;;;10000;4;10004;1;10005;26;9998.0;-10.0
0;29600;STARFRUIT;5040;1;5039;26;;;5042;4;5046;27;;;5041.0;-88.2578125
0;29700;STARFRUIT;5040;23;;;;;5045;8;5046;1;5047;22;5042.5;-92.5625
0;29700;AMETHYSTS;9996;1;9995;22;;;10002;7;10004;1;10005;22;9999.0;-10.0
0;29800;STARFRUIT;5045;1;5040;4;5039;25;5047;25;;;;;5046.0;-91.890625
0;29800;AMETHYSTS;9995;25;;;;;10005;25;;;;;10000.0;-10.0
0;29900;AMETHYSTS;9996;2;9995;30;;;10004;2;10005;30;;;10000.0;-10.0
0;29900;STARFRUIT;5040;32;;;;;5047;32;;;;;5043.5;-103.84375
0;30000;STARFRUIT;5041;6;5040;23;;;5047;25;;;;;5044.0;-108.375
0;30000;AMETHYSTS;9998;10;9996;2;9995;23;10004;2;10005;23;;;10001.0;-10.0
0;30100;STARFRUIT;5041;1;5040;20;;;5047;21;;;;;5044.0;-108.578125
0;30100;AMETHYSTS;9996;1;9995;20;;;10004;1;10005;20;;;10000.0;-10.0
0;30200;STARFRUIT;5041;30;;;;;5048;30;;;;;5044.5;-117.21875
0;30200;AMETHYSTS;9996;2;9995;28;;;9998;1;10002;8;10004;2;9997.0;-10.0
0;30300;AMETHYSTS;10002;4;9996;2;9995;29;10004;2;10005;29;;;10003.0;-10.0
0;30300;STARFRUIT;5041;31;;;;;5046;1;5047;2;5048;29;5043.5;-113.59375
0;30400;STARFRUIT;5045;2;5040;30;;;5047;30;;;;;5046.0;-102.5859375
0;30400;AMETHYSTS;9995;30;;;;;10005;30;;;;;10000.0;-2.0
0;30500;STARFRUIT;5040;7;5039;28;;;5046;30;;;;;5043.0;-90.203125
0;30500;AMETHYSTS;9996;2;9995;28;;;10004;2;10005;28;;;10000.0;-2.0
0;30600;STARFRUIT;5040;32;;;;;5045;7;5046;2;5047;30;5042.5;-93.5625
0;30600;AMETHYSTS;10002;1;9996;2;9995;30;10004;2;10005;30;;;10003.0;-2.0
0;30700;AMETHYSTS;9996;2;9995;27;;;10004;2;10005;27;;;10000.0;-6.0
0;30700;STARFRUIT;5039;29;;;;;5046;29;;;;;5042.5;-85.8359375
0;30800;STARFRUIT;5039;2;5038;29;;;5045;31;;;;;5042.0;-71.1015625
0;30800;AMETHYSTS;9998;8;9996;2;9995;29;10004;2;10005;29;;;10001.0;-6.0
0;30900;STARFRUIT;5038;21;;;;;5043;7;5045;21;;;5040.5;-69.8125
0;30900;AMETHYSTS;9995;21;;;;;10005;21;;;;;10000.0;-6.0
0;31000;STARFRUIT;5043;1;5042;5;5038;28;5045;28;;;;;5044.0;-58.8671875
0;31000;AMETHYSTS;9996;2;9995;26;;;10002;2;10004;2;10005;26;9999.0;-6.0
0;31100;AMETHYSTS;10002;1;9995;23;;;10005;23;;;;;10003.5;-10.0
0;31100;STARFRUIT;5038;23;;;;;5039;9;5045;23;;;5038.5;-60.421875
0;31200;STARFRUIT;5037;21;;;;;5042;8;5044;22;;;5039.5;-32.734375
0;31200;AMETHYSTS;9996;1;9995;21;;;10002;6;10004;1;10005;21;9999.0;-8.0
0;31300;STARFRUIT;5038;22;;;;;5044;2;5045;20;;;5041.0;-35.0078125
0;31300;AMETHYSTS;9996;2;9995;20;;;10004;2;10005;20;;;10000.0;-10.0
0;31400;STARFRUIT;5038;22;;;;;5045;22;;;;;5041.5;-38.359375
0;31400;AMETHYSTS;9995;22;;;;;10005;22;;;;;10000.0;-10.0
0;31500;AMETHYSTS;9996;1;9995;21;;;10004;1;10005;21;;;10000.0;-10.0
0;31500;STARFRUIT;5038;22;;;;;5045;22;;;;;5041.5;-38.65234375
0;31600;STARFRUIT;5039;24;;;;;5046;24;;;;;5042.5;-48.01953125
0;31600;AMETHYSTS;9995;24;;;;;9998;3;10005;24;;;9996.5;-10.0
0;31700;STARFRUIT;5038;29;;;;;5045;29;;;;;5041.5;-42.734375
0;31700;AMETHYSTS;9995;29;;;;;10002;3;10005;29;;;9998.5;-10.0
0;31800;STARFRUIT;5043;2;5038;24;;;5045;24;;;;;5044.0;-39.8671875
0;31800;AMETHYSTS;9996;2;9995;22;;;10002;2;10004;2;10005;22;9999.0;-10.0
0;31900;AMETHYSTS;9996;2;9995;26;;;10004;2;10005;26;;;10000.0;-10.0
0;31900;STARFRUIT;5039;6;5038;28;;;5045;28;;;;;5042.0;-38.0078125
0;32000;STARFRUIT;5038;22;;;;;5045;22;;;;;5041.5;-34.3515625
0;32000;AMETHYSTS;9996;2;9995;20;;;10002;10;10004;2;10005;20;9999.0;-10.0
0;32100;AMETHYSTS;9998;9;9995;25;;;10005;25;;;;;10001.5;-10.0
0;32100;STARFRUIT;5037;25;;;;;5044;25;;;;;5040.5;-27.125
0;32200;AMETHYSTS;9996;1;9995;24;;;10002;5;10004;1;10005;24;9999.0;-10.0
0;32200;STARFRUIT;5037;25;;;;;5044;25;;;;;5040.5;-24.8515625
0;32300;AMETHYSTS;10000;3;9996;2;9995;30;10004;2;10005;30;;;10002.0;-10.0
0;32300;STARFRUIT;5040;3;5038;2;5037;30;5044;32;;;;;5042.0;-28.39453125
0;32400;STARFRUIT;5037;29;;;;;5044;29;;;;;5040.5;-27.765625
0;32400;AMETHYSTS;9998;2;9995;29;;;10005;29;;;;;10001.5;-10.0
0;32500;AMETHYSTS;10002;1;9996;2;9995;24;10004;2;10005;24;;;10003.0;-10.0
0;32500;STARFRUIT;5038;1;5037;26;;;5043;2;5044;24;;;5040.5;-17.796875
0;32600;AMETHYSTS;9998;1;9996;2;9995;26;10004;2;10005;26;;;10001.0;-10.0
0;32600;STARFRUIT;5037;28;;;;;5044;28;;;;;5040.5;-28.0546875
0;32700;AMETHYSTS;9996;2;9995;30;;;10004;2;10005;30;;;10000.0;-10.0
0;32700;STARFRUIT;5038;32;;;;;5044;2;5045;30;;;5041.0;-41.7265625
0;32800;STARFRUIT;5038;29;;;;;5045;29;;;;;5041.5;-44.1640625
0;32800;AMETHYSTS;9995;29;;;;;10005;29;;;;;10000.0;-10.0
0;32900;AMETHYSTS;9996;1;9995;20;;;10002;10;10004;1;10005;20;9999.0;-10.0
0;32900;STARFRUIT;5038;1;5037;20;;;5044;21;;;;;5041.0;-35.015625
0;33000;AMETHYSTS;9998;2;9995;28;;;10005;28;;;;;10001.5;-10.0
0;33000;STARFRUIT;5037;28;;;;;5042;4;5044;28;;;5039.5;-38.0234375
0;33100;AMETHYSTS;9996;1;9995;25;;;10004;1;10005;25;;;10000.0;-10.0
0;33100;STARFRUIT;5037;26;;;;;5044;26;;;;;5040.5;-33.8125
0;33200;STARFRUIT;5038;24;;;;;5043;5;5044;1;5045;23;5040.5;-42.8984375
0;33200;AMETHYSTS;9996;1;9995;23;;;10004;1;10005;23;;;10000.0;-10.0
0;33300;AMETHYSTS;9996;1;9995;30;;;10002;1;10004;1;10005;30;9999.0;-10.0
0;33300;STARFRUIT;5038;31;;;;;5045;31;;;;;5041.5;-46.859375
0;33400;AMETHYSTS;9995;20;;;;;10005;20;;;;;10000.0;-10.0
0;33400;STARFRUIT;5037;20;;;;;5042;2;5044;20;;;5039.5;-36.53125
0;33500;AMETHYSTS;9996;2;9995;21;;;10002;4;10004;2;10005;21;9999.0;-10.0
0;33500;STARFRUIT;5038;2;5037;21;;;5044;23;;;;;5041.0;-37.15625
0;33600;STARFRUIT;5037;27;;;;;5044;27;;;;;5040.5;-21.84375
0;33600;AMETHYSTS;9995;27;;;;;9998;2;10005;27;;;9996.5;-10.0
0;33700;AMETHYSTS;9996;1;9995;25;;;10004;1;10005;25;;;10000.0;-10.0
0;33700;STARFRUIT;5037;1;5036;25;;;5041;6;5043;26;;;5039.0;-14.9765625
0;33800;AMETHYSTS;9995;21;;;;;10002;4;10005;21;;;9998.5;-10.0
0;33800;STARFRUIT;5036;21;;;;;5043;21;;;;;5039.5;-5.3125
0;33900;AMETHYSTS;9996;1;9995;27;;;10004;1;10005;27;;;10000.0;-10.0
0;33900;STARFRUIT;5035;28;;;;;5042;28;;;;;5038.5;6.2265625
0;34000;STARFRUIT;5041;1;5036;2;5035;28;5042;30;;;;;5041.5;2.890625
0;34000;AMETHYSTS;9996;2;9995;28;;;10004;2;10005;28;;;10000.0;-2.0
0;34100;AMETHYSTS;9996;2;9995;25;;;10004;2;10005;25;;;10000.0;-2.0
0;34100;STARFRUIT;5036;2;5035;25;;;5042;27;;;;;5039.0;4.984375
0;34200;AMETHYSTS;9996;2;9995;30;;;10002;2;10004;2;10005;30;9999.0;-2.0
0;34200;STARFRUIT;5036;32;;;;;5043;32;;;;;5039.5;-14.171875
0;34300;STARFRUIT;5036;28;;;;;5043;29;;;;;5039.5;-7.953125
0;34300;AMETHYSTS;9996;1;9995;28;;;10004;1;10005;28;;;10000.0;-6.0
0;34400;AMETHYSTS;9996;2;9995;28;;;10004;2;10005;28;;;10000.0;-6.0
0;34400;STARFRUIT;5036;30;;;;;5043;30;;;;;5039.5;-11.140625
0;34500;AMETHYSTS;9996;2;9995;22;;;10004;2;10005;22;;;10000.0;-6.0
0;34500;STARFRUIT;5037;24;;;;;5044;24;;;;;5040.5;-26.90625
0;34600;AMETHYSTS;9995;24;;;;;10005;24;;;;;10000.0;-6.0
0;34600;STARFRUIT;5037;24;;;;;5044;24;;;;;5040.5;-19.6640625
0;34700;STARFRUIT;5037;7;5036;25;;;5043;25;;;;;5040.0;-11.6875
0;34700;AMETHYSTS;9996;2;9995;23;;;10004;2;10005;23;;;10000.0;-6.0
0;34800;AMETHYSTS;9998;3;9996;2;9995;22;10004;2;10005;22;;;10001.0;-6.0
0;34800;STARFRUIT;5036;22;;;;;5037;8;5043;24;;;5036.5;-15.328125
0;34900;AMETHYSTS;9995;24;;;;;10005;24;;;;;10000.0;-6.0
0;34900;STARFRUIT;5037;24;;;;;5044;24;;;;;5040.5;-26.6875
0;35000;AMETHYSTS;9995;29;;;;;10005;29;;;;;10000.0;-6.0
0;35000;STARFRUIT;5037;29;;;;;5044;29;;;;;5040.5;-27.046875
0;35100;STARFRUIT;5037;23;;;;;5044;23;;;;;5040.5;-24.5859375
0;35100;AMETHYSTS;9996;2;9995;21;;;10004;2;10005;21;;;10000.0;-6.0
0;35200;AMETHYSTS;9995;24;;;;;10005;24;;;;;10000.0;-6.0
0;35200;STARFRUIT;5037;24;;;;;5042;3;5044;24;;;5039.5;-29.078125
0;35300;AMETHYSTS;9998;8;9996;1;9995;22;10004;1;10005;22;;;10001.0;-6.0
0;35300;STARFRUIT;5038;8;5037;23;;;5044;23;;;;;5041.0;-26.3515625
0;35400;AMETHYSTS;10002;1;9996;2;9995;25;10004;2;10005;25;;;10003.0;-6.0
0;35400;STARFRUIT;5037;27;;;;;5044;27;;;;;5040.5;-34.1484375
0;35500;STARFRUIT;5037;29;;;;;5044;29;;;;;5040.5;-26.1171875
0;35500;AMETHYSTS;9996;2;9995;27;;;10004;2;10005;27;;;10000.0;-6.0
0;35600;AMETHYSTS;9996;1;9995;23;;;10002;3;10004;1;10005;23;9999.0;-6.0
0;35600;STARFRUIT;5038;1;5037;23;;;5044;24;;;;;5041.0;-35.46875
0;35700;AMETHYSTS;9996;2;9995;29;;;10002;9;10004;2;10005;29;9999.0;-6.0
0;35700;STARFRUIT;5037;31;;;;;5044;31;;;;;5040.5;-34.1640625
0;35800;AMETHYSTS;9996;2;9995;21;;;10004;2;10005;21;;;10000.0;-6.0
0;35800;STARFRUIT;5037;8;5036;21;;;5043;2;5044;21;;;5040.0;-19.0078125
0;35900;STARFRUIT;5036;30;;;;;5043;30;;;;;5039.5;-5.75
0;35900;AMETHYSTS;9996;2;9995;28;;;10004;2;10005;28;;;10000.0;-6.0
0;36000;AMETHYSTS;9995;30;;;;;10000;2;10002;9;10005;30;9997.5;-6.0
0;36000;STARFRUIT;5036;30;;;;;5039;2;5041;2;5043;30;5037.5;-5.703125
0;36100;AMETHYSTS;9998;7;9996;2;9995;21;10004;2;10005;21;;;10001.0;-6.0
0;36100;STARFRUIT;5036;23;;;;;5041;6;5043;23;;;5038.5;-7.6875
0;36200;AMETHYSTS;9998;5;9996;1;9995;29;10004;1;10005;29;;;10001.0;-6.0
0;36200;STARFRUIT;5036;1;5035;29;;;5042;30;;;;;5039.0;4.1953125
0;36300;STARFRUIT;5035;31;;;;;5042;31;;;;;5038.5;5.921875
0;36300;AMETHYSTS;9996;1;9995;30;;;10004;1;10005;30;;;10000.0;-6.0
0;36400;AMETHYSTS;9996;1;9995;28;;;10002;8;10004;1;10005;28;9999.0;-6.0
0;36400;STARFRUIT;5036;2;5035;28;;;5042;29;;;;;5039.0;3.828125
0;36500;AMETHYSTS;9996;2;9995;27;;;10004;2;10005;27;;;10000.0;-6.0
0;36500;STARFRUIT;5035;28;;;;;5042;29;;;;;5038.5;10.8359375
0;36600;AMETHYSTS;9996;1;9995;30;;;10000;2;10004;1;10005;30;9998.0;-6.0
0;36600;STARFRUIT;5035;31;;;;;5038;2;5042;31;;;5036.5;16.0390625
0;36700;STARFRUIT;5035;22;;;;;5042;22;;;;;5038.5;12.03125
0;36700;AMETHYSTS;10002;1;9996;1;9995;21;10004;1;10005;21;;;10003.0;-6.0
0;36800;AMETHYSTS;9996;2;9995;23;;;10004;2;10005;23;;;10000.0;-4.0
0;36800;STARFRUIT;5035;25;;;;;5042;25;;;;;5038.5;6.8671875
0;36900;AMETHYSTS;9998;6;9995;22;;;10005;22;;;;;10001.5;-4.0
0;36900;STARFRUIT;5035;22;;;;;5042;22;;;;;5038.5;7.1796875
0;37000;AMETHYSTS;9996;2;9995;20;;;10004;2;10005;20;;;10000.0;-4.0
0;37000;STARFRUIT;5036;2;5035;20;;;5042;22;;;;;5039.0;4.640625
0;37100;STARFRUIT;5039;5;5036;24;;;5043;24;;;;;5041.0;-0.1640625
0;37100;AMETHYSTS;10000;5;9995;24;;;10005;24;;;;;10002.5;-8.0
0;37200;AMETHYSTS;9996;2;9995;27;;;10004;2;10005;27;;;10000.0;-8.0
0;37200;STARFRUIT;5037;2;5036;27;;;5043;29;;;;;5040.0;-17.03125
0;37300;AMETHYSTS;9996;1;9995;22;;;10004;1;10005;22;;;10000.0;-8.0
0;37300;STARFRUIT;5037;23;;;;;5042;4;5044;23;;;5039.5;-29.8203125
0;37400;AMETHYSTS;9995;22;;;;;10005;22;;;;;10000.0;-8.0
0;37400;STARFRUIT;5038;4;5037;22;;;5044;22;;;;;5041.0;-36.34375
0;37500;STARFRUIT;5040;5;5037;31;;;5044;31;;;;;5042.0;-34.2265625
0;37500;AMETHYSTS;10000;5;9996;1;9995;30;10004;1;10005;30;;;10002.0;-8.0
0;37600;AMETHYSTS;9996;1;9995;24;;;10004;1;10005;24;;;10000.0;-8.0
0;37600;STARFRUIT;5037;25;;;;;5042;5;5044;25;;;5039.5;-28.96875
0;37700;AMETHYSTS;10002;1;9995;20;;;10005;20;;;;;10003.5;-8.0
0;37700;STARFRUIT;5037;20;;;;;5044;20;;;;;5040.5;-20.71875
0;37800;AMETHYSTS;9996;2;9995;23;;;10004;2;10005;23;;;10000.0;-8.0
0;37800;STARFRUIT;5037;25;;;;;5043;2;5044;23;;;5040.0;-22.3984375
0;37900;STARFRUIT;5038;29;;;;;5044;2;5045;27;;;5041.0;-40.984375
0;37900;AMETHYSTS;9996;2;9995;27;;;10004;2;10005;27;;;10000.0;-8.0
0;38000;AMETHYSTS;9998;3;9995;30;;;10005;30;;;;;10001.5;-8.0
0;38000;STARFRUIT;5038;30;;;;;5045;30;;;;;5041.5;-45.46875
0;38100;AMETHYSTS;9998;4;9996;1;9995;28;10004;1;10005;28;;;10001.0;-8.0
0;38100;STARFRUIT;5038;29;;;;;5043;4;5045;29;;;5040.5;-44.296875
0;38200;AMETHYSTS;9998;4;9996;2;9995;29;10004;2;10005;29;;;10001.0;-8.0
0;38200;STARFRUIT;5039;2;5038;29;;;5045;31;;;;;5042.0;-58.4140625
0;38300;STARFRUIT;5040;5;5039;22;;;5046;22;;;;;5043.0;-67.875
0;38300;AMETHYSTS;9995;22;;;;;10005;22;;;;;10000.0;-8.0
0;38400;AMETHYSTS;9996;2;9995;29;;;10004;2;10005;29;;;10000.0;-8.0
0;38400;STARFRUIT;5039;31;;;;;5040;4;5046;31;;;5039.5;-66.21875
0;38500;AMETHYSTS;9996;2;9995;22;;;10004;2;10005;22;;;10000.0;-8.0
0;38500;STARFRUIT;5038;24;;;;;5045;24;;;;;5041.5;-50.2109375
0;38600;STARFRUIT;5038;31;;;;;5044;2;5045;29;;;5041.0;-43.28125
0;38600;AMETHYSTS;10002;1;9996;2;9995;29;10004;2;10005;29;;;10003.0;-8.0
0;38700;STARFRUIT;5038;1;5037;20;;;5044;22;;;;;5041.0;-35.390625
0;38700;AMETHYSTS;9996;2;9995;20;;;10004;2;10005;20;;;10000.0;-8.0
0;38800;STARFRUIT;5038;27;;;;;5043;2;5044;2;5045;25;5040.5;-43.2109375
0;38800;AMETHYSTS;9996;2;9995;25;;;10004;2;10005;25;;;10000.0;-8.0
0;38900;AMETHYSTS;9996;2;9995;23;;;10004;2;10005;23;;;10000.0;-8.0
0;38900;STARFRUIT;5038;25;;;;;5045;25;;;;;5041.5;-47.6015625
0;39000;STARFRUIT;5039;1;5038;23;;;5041;3;5044;6;5045;1;5040.0;-58.6875
0;39000;AMETHYSTS;9996;1;9995;23;;;10000;3;10004;1;10005;23;9998.0;-8.0
0;39100;STARFRUIT;5039;8;5038;30;;;5045;30;;;;;5042.0;-54.03125
0;39100;AMETHYSTS;9996;2;9995;28;;;9998;3;10004;2;10005;28;9997.0;-8.0
0;39200;STARFRUIT;5039;5;5038;21;;;5041;4;5045;21;;;5040.0;-57.0390625
0;39200;AMETHYSTS;9995;21;;;;;10000;4;10005;21;;;9997.5;-8.0
0;39300;AMETHYSTS;9995;24;;;;;10005;24;;;;;10000.0;-8.0
0;39300;STARFRUIT;5038;24;;;;;5045;24;;;;;5041.5;-49.125
0;39400;STARFRUIT;5038;21;;;;;5045;21;;;;;5041.5;-42.296875
0;39400;AMETHYSTS;9995;21;;;;;10005;21;;;;;10000.0;-8.0
0;39500;STARFRUIT;5038;29;;;;;5043;3;5045;29;;;5040.5;-46.5
0;39500;AMETHYSTS;9995;29;;;;;10005;29;;;;;10000.0;-8.0
0;39600;STARFRUIT;5038;31;;;;;5045;31;;;;;5041.5;-47.5859375
0;39600;AMETHYSTS;9996;1;9995;30;;;10004;1;10005;30;;;10000.0;-8.0
0;39700;AMETHYSTS;9996;1;9995;29;;;10000;6;10004;1;10005;29;9998.0;-8.0
0;39700;STARFRUIT;5038;29;;;;;5041;6;5045;30;;;5039.5;-56.1015625
0;39800;STARFRUIT;5038;24;;;;;5044;2;5045;22;;;5041.0;-43.03125
0;39800;AMETHYSTS;9996;2;9995;22;;;9998;1;10004;2;10005;22;9997.0;-8.0
0;39900;STARFRUIT;5038;29;;;;;5043;7;5045;29;;;5040.5;-45.84375
0;39900;AMETHYSTS;9998;10;9996;1;9995;28;10004;1;10005;28;;;10001.0;-8.0
0;40000;STARFRUIT;5037;26;;;;;5044;26;;;;;5040.5;-31.375
0;40000;AMETHYSTS;10002;11;9996;1;9995;25;10004;1;10005;25;;;10003.0;-8.0
0;40100;AMETHYSTS;9995;30;;;;;10005;30;;;;;10000.0;-8.0
0;40100;STARFRUIT;5037;30;;;;;5042;4;5044;30;;;5039.5;-29.046875
0;40200;STARFRUIT;5037;25;;;;;5044;25;;;;;5040.5;-25.4921875
0;40200;AMETHYSTS;9996;1;9995;24;;;10002;7;10004;1;10005;24;9999.0;-8.0
0;40300;STARFRUIT;5037;1;5036;29;;;5043;30;;;;;5040.0;-16.90625
0;40300;AMETHYSTS;10002;4;9996;1;9995;29;10004;1;10005;29;;;10003.0;-8.0
0;40400;STARFRUIT;5037;25;;;;;5043;2;5044;23;;;5040.0;-22.9921875
0;40400;AMETHYSTS;9996;2;9995;23;;;10004;2;10005;23;;;10000.0;-8.0
0;40500;AMETHYSTS;9996;1;9995;21;;;10004;1;10005;21;;;10000.0;-8.0
0;40500;STARFRUIT;5037;22;;;;;5044;22;;;;;5040.5;-25.71875
0;40600;STARFRUIT;5037;28;;;;;5045;28;;;;;5041.0;-39.125
0;40600;AMETHYSTS;10002;1;9995;28;;;10005;28;;;;;10003.5;-8.0
0;40700;STARFRUIT;5044;1;5039;6;5038;30;5045;30;;;;;5044.5;-49.25
0;40700;AMETHYSTS;9998;10;9996;1;9995;29;10004;1;10005;29;;;10001.0;-8.0
0;40800;STARFRUIT;5038;21;;;;;5045;21;;;;;5041.5;-51.34375
0;40800;AMETHYSTS;9995;21;;;;;10005;21;;;;;10000.0;-8.0
0;40900;AMETHYSTS;9998;2;9995;25;;;10005;25;;;;;10001.5;-8.0
0;40900;STARFRUIT;5040;3;5039;25;;;5046;25;;;;;5043.0;-64.390625
0;41000;STARFRUIT;5039;21;;;;;5042;2;5044;7;5045;1;5040.5;-63.4609375
0;41000;AMETHYSTS;9998;10;9996;1;9995;20;10000;2;10004;1;10005;20;9999.0;-8.0
0;41100;AMETHYSTS;9996;2;9995;23;;;10004;2;10005;23;;;10000.0;-8.0
0;41100;STARFRUIT;5038;25;;;;;5045;25;;;;;5041.5;-52.703125
0;41200;AMETHYSTS;9995;20;;;;;10005;20;;;;;10000.0;-8.0
0;41200;STARFRUIT;5038;20;;;;;5046;20;;;;;5042.0;-58.546875
0;41300;AMETHYSTS;9995;27;;;;;10005;27;;;;;10000.0;-8.0
0;41300;STARFRUIT;5039;8;5038;27;;;5045;27;;;;;5042.0;-53.0703125
0;41400;STARFRUIT;5039;30;;;;;5046;30;;;;;5042.5;-66.859375
0;41400;AMETHYSTS;9996;1;9995;29;;;10004;1;10005;29;;;10000.0;-8.0
0;41500;AMETHYSTS;9996;2;9995;29;;;10004;2;10005;29;;;10000.0;-8.0
0;41500;STARFRUIT;5039;9;5038;29;;;5045;31;;;;;5042.0;-57.7890625
0;41600;AMETHYSTS;9995;26;;;;;10005;26;;;;;10000.0;-8.0
0;41600;STARFRUIT;5038;26;;;;;5045;26;;;;;5041.5;-54.3515625
0;41700;AMETHYSTS;9995;23;;;;;10005;23;;;;;10000.0;-8.0
0;41700;STARFRUIT;5042;2;5038;23;;;5045;23;;;;;5043.5;-46.5859375
0;41800;STARFRUIT;5038;21;;;;;5044;1;5045;21;;;5041.0;-42.03125
0;41800;AMETHYSTS;9996;1;9995;21;;;10004;1;10005;21;;;10000.0;-8.0
0;41900;AMETHYSTS;9995;28;;;;;10002;8;10005;28;;;9998.5;-8.0
0;41900;STARFRUIT;5038;28;;;;;5045;28;;;;;5041.5;-47.2109375
0;42000;AMETHYSTS;9996;1;9995;27;;;9998;1;10004;1;10005;27;9997.0;-8.0
0;42000;STARFRUIT;5038;1;5037;27;;;5044;28;;;;;5041.0;-37.828125
0;42100;AMETHYSTS;10002;2;9995;22;;;10005;22;;;;;10003.5;-8.0
0;42100;STARFRUIT;5039;7;5038;22;;;5045;22;;;;;5042.0;-42.8125
0;42200;STARFRUIT;5038;22;;;;;5045;22;;;;;5041.5;-56.8203125
0;42200;AMETHYSTS;9995;22;;;;;10005;22;;;;;10000.0;-4.0
0;42300;AMETHYSTS;9996;2;9995;20;;;10004;2;10005;20;;;10000.0;-4.0
0;42300;STARFRUIT;5039;22;;;;;5045;2;5046;20;;;5042.0;-61.6953125
0;42400;AMETHYSTS;9996;2;9995;26;;;10002;2;10004;2;10005;26;9999.0;-12.0
0;42400;STARFRUIT;5038;28;;;;;5045;28;;;;;5041.5;-49.109375
0;42500;AMETHYSTS;9995;24;;;;;10005;24;;;;;10000.0;-12.0
0;42500;STARFRUIT;5038;24;;;;;5043;2;5045;24;;;5040.5;-47.9140625
0;42600;STARFRUIT;5043;1;5038;28;;;5045;28;;;;;5044.0;-43.2265625
0;42600;AMETHYSTS;9995;28;;;;;10005;28;;;;;10000.0;-12.0
0;42700;AMETHYSTS;9996;1;9995;23;;;10004;1;10005;23;;;10000.0;-12.0
0;42700;STARFRUIT;5038;24;;;;;5044;1;5045;23;;;5041.0;-42.9140625
0;42800;AMETHYSTS;9995;29;;;;;10000;2;10005;29;;;9997.5;-12.0
0;42800;STARFRUIT;5038;29;;;;;5041;2;5045;29;;;5039.5;-43.8515625
0;42900;AMETHYSTS;10002;5;9995;20;;;10005;20;;;;;10003.5;-12.0
0;42900;STARFRUIT;5038;20;;;;;5045;20;;;;;5041.5;-46.171875
0;43000;STARFRUIT;5038;27;;;;;5045;27;;;;;5041.5;-45.5546875
0;43000;AMETHYSTS;9996;1;9995;26;;;10002;6;10004;1;10005;26;9999.0;-2.0
0;43100;AMETHYSTS;9998;9;9996;1;9995;24;10004;1;10005;24;;;10001.0;-12.0
0;43100;STARFRUIT;5038;25;;;;;5045;25;;;;;5041.5;-50.7265625
0;43200;AMETHYSTS;9996;2;9995;29;;;10002;5;10004;2;10005;29;9999.0;-12.0
0;43200;STARFRUIT;5038;31;;;;;5045;31;;;;;5041.5;-47.8203125
0;43300;STARFRUIT;5043;1;5037;20;;;5044;20;;;;;5043.5;-32.3125
0;43300;AMETHYSTS;9998;10;9995;20;;;10005;20;;;;;10001.5;-12.0
0;43400;AMETHYSTS;9996;2;9995;22;;;10004;2;10005;22;;;10000.0;-12.0
0;43400;STARFRUIT;5037;24;;;;;5043;2;5044;22;;;5040.0;-23.390625
0;43500;AMETHYSTS;9996;1;9995;24;;;10002;7;10004;1;10005;24;9999.0;-12.0
0;43500;STARFRUIT;5037;6;5036;25;;;5043;25;;;;;5040.0;-12.2109375
0;43600;AMETHYSTS;9995;22;;;;;10002;5;10005;22;;;9998.5;-12.0
0;43600;STARFRUIT;5036;22;;;;;5041;1;5043;22;;;5038.5;-11.0234375
0;43700;STARFRUIT;5037;1;5036;29;;;5043;30;;;;;5040.0;-14.640625
0;43700;AMETHYSTS;9996;1;9995;29;;;10002;6;10004;1;10005;29;9999.0;-12.0
0;43800;AMETHYSTS;9996;1;9995;22;;;10004;1;10005;22;;;10000.0;-12.0
0;43800;STARFRUIT;5036;23;;;;;5043;23;;;;;5039.5;-12.671875
0;43900;AMETHYSTS;9996;2;9995;24;;;10002;2;10004;2;10005;24;9999.0;-12.0
0;43900;STARFRUIT;5037;6;5036;26;;;5043;26;;;;;5040.0;-6.8046875
0;44000;AMETHYSTS;10002;4;9998;10;9996;2;10004;2;10005;25;;;10003.0;-12.0
0;44000;STARFRUIT;5036;27;;;;;5043;27;;;;;5039.5;-5.0859375
0;44100;STARFRUIT;5036;24;;;;;5041;4;5042;2;5043;22;5038.5;-2.171875
0;44100;AMETHYSTS;9996;2;9995;22;;;10004;2;10005;22;;;10000.0;-12.0
0;44200;AMETHYSTS;9995;24;;;;;10005;24;;;;;10000.0;-12.0
0;44200;STARFRUIT;5036;24;;;;;5043;24;;;;;5039.5;-10.2421875
0;44300;AMETHYSTS;9996;2;9995;24;;;9998;2;10004;2;10005;24;9997.0;-12.0
0;44300;STARFRUIT;5036;26;;;;;5042;2;5043;24;;;5039.0;-3.2265625
0;44400;AMETHYSTS;9996;1;9995;25;;;10002;7;10004;1;10005;25;9999.0;-12.0
0;44400;STARFRUIT;5037;1;5036;26;;;5043;26;;;;;5040.0;-5.28125
0;44500;STARFRUIT;5036;30;;;;;5043;30;;;;;5039.5;-4.953125
0;44500;AMETHYSTS;9995;30;;;;;10005;30;;;;;10000.0;-12.0
0;44600;AMETHYSTS;9996;1;9995;21;;;10004;1;10005;21;;;10000.0;-12.0
0;44600;STARFRUIT;5037;22;;;;;5043;1;5044;21;;;5040.0;-19.8125
0;44700;AMETHYSTS;9996;2;9995;25;;;10004;2;10005;25;;;10000.0;-12.0
0;44700;STARFRUIT;5037;27;;;;;5042;6;5044;27;;;5039.5;-26.59375
0;44800;AMETHYSTS;9995;25;;;;;10005;25;;;;;10000.0;-12.0
0;44800;STARFRUIT;5037;25;;;;;5042;3;5044;25;;;5039.5;-19.9453125
0;44900;STARFRUIT;5037;2;5036;21;;;5043;23;;;;;5040.0;-17.578125
0;44900;AMETHYSTS;9996;2;9995;21;;;10004;2;10005;21;;;10000.0;-12.0
0;45000;AMETHYSTS;9996;1;9995;27;;;10004;1;10005;27;;;10000.0;-12.0
0;45000;STARFRUIT;5036;28;;;;;5037;1;5043;28;;;5036.5;-10.6328125
0;45100;AMETHYSTS;9995;27;;;;;9998;1;10005;27;;;9996.5;-12.0
0;45100;STARFRUIT;5036;27;;;;;5043;27;;;;;5039.5;-15.640625
0;45200;AMETHYSTS;10002;1;9996;1;9995;20;10004;1;10005;20;;;10003.0;-12.0
0;45200;STARFRUIT;5036;20;;;;;5043;1;5044;20;;;5039.5;-18.6171875
0;45300;STARFRUIT;5037;22;;;;;5044;23;;;;;5040.5;-27.4375
0;45300;AMETHYSTS;9995;23;;;;;10005;23;;;;;10000.0;-10.0
0;45400;AMETHYSTS;9998;4;9995;25;;;10005;25;;;;;10001.5;-10.0
0;45400;STARFRUIT;5037;25;;;;;5044;25;;;;;5040.5;-31.5703125
0;45500;AMETHYSTS;9996;1;9995;20;;;9998;3;10004;1;10005;20;9997.0;-10.0
0;45500;STARFRUIT;5036;21;;;;;5037;3;5043;21;;;5036.5;-4.7421875
0;45600;AMETHYSTS;9996;1;9995;23;;;10004;1;10005;23;;;10000.0;-8.0
0;45600;STARFRUIT;5037;1;5036;23;;;5041;6;5043;24;;;5039.0;-14.4609375
0;45700;STARFRUIT;5037;2;5036;21;;;5043;23;;;;;5040.0;-15.5
0;45700;AMETHYSTS;10002;1;9996;2;9995;21;10004;2;10005;21;;;10003.0;-8.0
0;45800;AMETHYSTS;10000;5;9998;7;9996;2;10004;2;10005;30;;;10002.0;-8.0
0;45800;STARFRUIT;5040;5;5037;32;;;5044;32;;;;;5042.0;-27.359375
0;45900;AMETHYSTS;9998;8;9996;1;9995;25;10004;1;10005;25;;;10001.0;-8.0
0;45900;STARFRUIT;5037;25;;;;;5044;26;;;;;5040.5;-38.5
0;46000;AMETHYSTS;9995;23;;;;;9998;1;10005;23;;;9996.5;-8.0
0;46000;STARFRUIT;5037;23;;;;;5044;23;;;;;5040.5;-33.640625
0;46100;STARFRUIT;5039;4;5038;25;;;5045;25;;;;;5042.0;-43.03125
0;46100;AMETHYSTS;9995;25;;;;;10005;25;;;;;10000.0;-8.0
0;46200;AMETHYSTS;9995;24;;;;;10005;24;;;;;10000.0;-8.0
0;46200;STARFRUIT;5039;4;5038;24;;;5045;24;;;;;5042.0;-44.4765625
0;46300;AMETHYSTS;9996;2;9995;26;;;10004;2;10005;26;;;10000.0;-8.0
0;46300;STARFRUIT;5039;2;5038;26;;;5045;28;;;;;5042.0;-57.921875
0;46400;AMETHYSTS;9995;24;;;;;10005;24;;;;;10000.0;-8.0
0;46400;STARFRUIT;5044;1;5038;24;;;5045;24;;;;;5044.5;-52.921875
0;46500;STARFRUIT;5042;2;5038;30;;;5045;30;;;;;5043.5;-45.75
0;46500;AMETHYSTS;9996;1;9995;29;;;9998;1;10004;1;10005;29;9997.0;-8.0
0;46600;AMETHYSTS;9998;1;9995;28;;;10005;28;;;;;10001.5;-8.0
0;46600;STARFRUIT;5044;1;5040;4;5039;28;5046;28;;;;;5045.0;-60.4921875
0;46700;AMETHYSTS;9996;1;9995;29;;;10004;1;10005;29;;;10000.0;-8.0
0;46700;STARFRUIT;5038;30;;;;;5045;30;;;;;5041.5;-51.390625
0;46800;AMETHYSTS;9995;25;;;;;10005;25;;;;;10000.0;-8.0
0;46800;STARFRUIT;5038;25;;;;;5045;25;;;;;5041.5;-54.0390625
0;46900;STARFRUIT;5039;30;;;;;5040;10;5045;1;5046;29;5039.5;-59.046875
0;46900;AMETHYSTS;9996;1;9995;29;;;10002;3;10004;1;10005;29;9999.0;-8.0
0;47000;AMETHYSTS;9996;1;9995;22;;;10004;1;10005;22;;;10000.0;-8.0
0;47000;STARFRUIT;5039;23;;;;;5045;1;5046;22;;;5042.0;-69.953125
0;47100;AMETHYSTS;9995;22;;;;;9998;1;10005;22;;;9996.5;-8.0
0;47100;STARFRUIT;5039;22;;;;;5046;22;;;;;5042.5;-75.1875
0;47200;AMETHYSTS;9996;2;9995;21;;;10004;2;10005;21;;;10000.0;-8.0
0;47200;STARFRUIT;5044;1;5039;23;;;5046;23;;;;;5045.0;-70.78125
0;47300;STARFRUIT;5040;5;5039;21;;;5046;21;;;;;5043.0;-72.59375
0;47300;AMETHYSTS;9995;21;;;;;10005;21;;;;;10000.0;-8.0
0;47400;AMETHYSTS;9998;7;9995;22;;;10005;22;;;;;10001.5;-8.0
0;47400;STARFRUIT;5043;5;5038;22;;;5045;22;;;;;5044.0;-50.9921875
0;47500;AMETHYSTS;9996;1;9995;21;;;9998;1;10004;1;10005;21;9997.0;-8.0
0;47500;STARFRUIT;5037;22;;;;;5042;5;5044;22;;;5039.5;-40.203125
0;47600;STARFRUIT;5037;21;;;;;5044;21;;;;;5040.5;-45.1171875
0;47600;AMETHYSTS;9998;5;9995;21;;;10005;21;;;;;10001.5;-8.0
0;47700;STARFRUIT;5037;23;;;;;5042;4;5044;23;;;5039.5;-45.4296875
0;47700;AMETHYSTS;9998;1;9995;23;;;10005;23;;;;;10001.5;-8.0
0;47800;STARFRUIT;5038;20;;;;;5043;7;5045;20;;;5040.5;-51.7265625
0;47800;AMETHYSTS;9995;20;;;;;10005;20;;;;;10000.0;-8.0
0;47900;AMETHYSTS;9995;23;;;;;10005;23;;;;;10000.0;-8.0
0;47900;STARFRUIT;5037;23;;;;;5044;23;;;;;5040.5;-47.34375
0;48000;STARFRUIT;5037;27;;;;;5044;27;;;;;5040.5;-52.234375
0;48000;AMETHYSTS;10002;2;9996;1;9995;26;10004;1;10005;26;;;10003.0;-8.0
0;48100;STARFRUIT;5037;30;;;;;5042;1;5044;30;;;5039.5;-53.75
0;48100;AMETHYSTS;9996;1;9995;29;;;10004;1;10005;29;;;10000.0;-8.0
0;48200;STARFRUIT;5038;2;5037;26;;;5044;27;;;;;5041.0;-64.4765625
0;48200;AMETHYSTS;9996;1;9995;26;;;10004;1;10005;26;;;10000.0;-8.0
0;48300;AMETHYSTS;9998;4;9996;1;9995;20;10004;1;10005;20;;;10001.0;-8.0
0;48300;STARFRUIT;5037;21;;;;;5038;4;5044;21;;;5037.5;-56.2265625
0;48400;STARFRUIT;5037;32;;;;;5042;6;5044;32;;;5039.5;-58.3828125
0;48400;AMETHYSTS;9996;2;9995;30;;;10004;2;10005;30;;;10000.0;-8.0
0;48500;STARFRUIT;5037;29;;;;;5044;29;;;;;5040.5;-51.9375
0;48500;AMETHYSTS;9995;29;;;;;10005;29;;;;;10000.0;-8.0
0;48600;STARFRUIT;5037;1;5036;26;;;5043;1;5044;26;;;5040.0;-45.8515625
0;48600;AMETHYSTS;9996;1;9995;26;;;10004;1;10005;26;;;10000.0;-8.0
0;48700;AMETHYSTS;9996;1;9995;22;;;10000;2;10004;1;10005;22;9998.0;-8.0
0;48700;STARFRUIT;5036;23;;;;;5039;2;5043;23;;;5037.5;-41.421875
0;48800;STARFRUIT;5036;29;;;;;5043;29;;;;;5039.5;-39.6796875
0;48800;AMETHYSTS;9996;1;9995;28;;;10004;1;10005;28;;;10000.0;-8.0
0;48900;STARFRUIT;5036;21;;;;;5043;22;;;;;5039.5;-32.0078125
0;48900;AMETHYSTS;9995;22;;;;;10005;22;;;;;10000.0;-8.0
0;49000;STARFRUIT;5035;29;;;;;5042;29;;;;;5038.5;-16.671875
0;49000;AMETHYSTS;9996;1;9995;28;;;10004;1;10005;28;;;10000.0;-8.0
0;49100;AMETHYSTS;9995;30;;;;;10005;30;;;;;10000.0;-8.0
0;49100;STARFRUIT;5035;30;;;;;5042;30;;;;;5038.5;-13.6640625
0;49200;STARFRUIT;5034;26;;;;;5041;26;;;;;5037.5;4.21875
0;49200;AMETHYSTS;10002;3;9996;1;9995;25;10004;1;10005;25;;;10003.0;-8.0
0;49300;STARFRUIT;5035;6;5034;29;;;5041;29;;;;;5038.0;-2.6796875
0;49300;AMETHYSTS;9998;3;9995;29;;;10005;29;;;;;10001.5;-8.0
0;49400;STARFRUIT;5035;23;;;;;5042;23;;;;;5038.5;-14.8671875
0;49400;AMETHYSTS;9996;1;9995;22;;;10004;1;10005;22;;;10000.0;-8.0
0;49500;AMETHYSTS;9996;1;9995;24;;;10004;1;10005;24;;;10000.0;-8.0
0;49500;STARFRUIT;5035;25;;;;;5041;1;5042;24;;;5038.0;-7.2578125
0;49600;STARFRUIT;5036;2;5035;28;;;5038;3;5042;30;;;5037.0;-22.40625
0;49600;AMETHYSTS;9996;2;9995;28;;;10000;3;10002;9;10004;2;9998.0;-8.0
0;49700;STARFRUIT;5041;1;5036;6;5035;21;5042;21;;;;;5041.5;-23.8125
0;49700;AMETHYSTS;9995;21;;;;;10005;21;;;;;10000.0;-8.0
0;49800;AMETHYSTS;9995;20;;;;;10002;7;10005;20;;;9998.5;-8.0
0;49800;STARFRUIT;5036;20;;;;;5037;1;5043;20;;;5036.5;-38.3828125
0;49900;AMETHYSTS;9996;1;9995;23;;;10004;1;10005;23;;;10000.0;-8.0
0;49900;STARFRUIT;5038;5;5037;24;;;5044;24;;;;;5041.0;-51.5546875
0;50000;STARFRUIT;5037;26;;;;;5044;26;;;;;5040.5;-57.328125
0;50000;AMETHYSTS;9996;2;9995;24;;;10002;5;10004;2;10005;24;9999.0;-8.0
0;50100;AMETHYSTS;10002;4;9996;2;9995;22;10004;2;10005;22;;;10003.0;-8.0
0;50100;STARFRUIT;5037;24;;;;;5043;2;5044;22;;;5040.0;-49.359375
0;50200;AMETHYSTS;9996;1;9995;28;;;10004;1;10005;28;;;10000.0;-8.0
0;50200;STARFRUIT;5036;29;;;;;5043;29;;;;;5039.5;-37.1796875
0;50300;AMETHYSTS;9995;23;;;;;10005;23;;;;;10000.0;-8.0
0;50300;STARFRUIT;5036;23;;;;;5041;4;5043;23;;;5038.5;-43.3515625
0;50400;STARFRUIT;5037;2;5036;23;;;5038;3;5043;23;;;5037.5;-39.7578125
0;50400;AMETHYSTS;9996;2;9995;21;;;10004;2;10005;21;;;10000.0;-8.0
0;50500;AMETHYSTS;10000;4;9998;7;9996;1;10004;1;10005;27;;;10002.0;-8.0
0;50500;STARFRUIT;5039;4;5036;28;;;5043;28;;;;;5041.0;-35.734375
0;50600;AMETHYSTS;9998;7;9996;2;9995;22;10000;5;10004;2;10005;22;9999.0;-8.0
0;50600;STARFRUIT;5036;24;;;;;5039;4;5043;24;;;5037.5;-33.90625
0;50700;AMETHYSTS;9998;9;9995;20;;;10005;20;;;;;10001.5;-8.0
0;50700;STARFRUIT;5036;20;;;;;5043;20;;;;;5039.5;-32.671875
0;50800;STARFRUIT;5037;2;5036;26;;;5043;28;;;;;5040.0;-40.9296875
0;50800;AMETHYSTS;9998;7;9996;2;9995;26;10004;2;10005;26;;;10001.0;-8.0
0;50900;AMETHYSTS;9998;2;9995;30;;;10000;5;10005;30;;;9999.0;-8.0
0;50900;STARFRUIT;5036;30;;;;;5037;1;5039;5;5043;30;5036.5;-42.859375
0;51000;AMETHYSTS;9996;2;9995;23;;;10004;2;10005;23;;;10000.0;-8.0
0;51000;STARFRUIT;5037;25;;;;;5043;2;5044;23;;;5040.0;-45.84375
0;51100;AMETHYSTS;9995;29;;;;;10002;1;10005;29;;;9998.5;-8.0
0;51100;STARFRUIT;5038;3;5037;29;;;5044;29;;;;;5041.0;-59.5
0;51200;STARFRUIT;5037;30;;;;;5044;30;;;;;5040.5;-58.796875
0;51200;AMETHYSTS;9995;30;;;;;10005;30;;;;;10000.0;-8.0
0;51300;AMETHYSTS;9996;2;9995;23;;;9998;5;10002;5;10004;2;9997.0;-8.0
0;51300;STARFRUIT;5038;2;5037;23;;;5044;25;;;;;5041.0;-61.328125
0;51400;AMETHYSTS;9996;1;9995;22;;;10004;1;10005;22;;;10000.0;-8.0
0;51400;STARFRUIT;5037;23;;;;;5042;5;5044;23;;;5039.5;-53.8125
0;51500;AMETHYSTS;9995;21;;;;;10005;21;;;;;10000.0;-8.0
0;51500;STARFRUIT;5037;21;;;;;5044;21;;;;;5040.5;-59.015625
0;51600;STARFRUIT;5042;3;5038;2;5037;21;5044;23;;;;;5043.0;-60.6953125
0;51600;AMETHYSTS;9996;2;9995;21;;;10002;5;10004;2;10005;21;9999.0;-8.0
0;51700;AMETHYSTS;9996;2;9995;30;;;10004;2;10005;30;;;10000.0;-8.0
0;51700;STARFRUIT;5038;2;5037;30;;;5044;32;;;;;5041.0;-60.7421875
0;51800;AMETHYSTS;9995;25;;;;;10005;25;;;;;10000.0;-8.0
0;51800;STARFRUIT;5037;25;;;;;5044;25;;;;;5040.5;-56.8359375
0;51900;AMETHYSTS;9996;2;9995;26;;;10004;2;10005;26;;;10000.0;-8.0
0;51900;STARFRUIT;5037;28;;;;;5044;28;;;;;5040.5;-50.328125
0;52000;AMETHYSTS;9998;2;9995;21;;;10000;5;10005;21;;;9999.0;-8.0
0;52000;STARFRUIT;5038;5;5037;21;;;5040;5;5044;21;;;5039.0;-55.9296875
0;52100;AMETHYSTS;9996;1;9995;27;;;10004;1;10005;27;;;10000.0;-8.0
0;52100;STARFRUIT;5038;1;5037;27;;;5044;28;;;;;5041.0;-61.3359375
0;52200;AMETHYSTS;9995;23;;;;;10005;23;;;;;10000.0;-8.0
0;52200;STARFRUIT;5037;22;;;;;5044;23;;;;;5040.5;-54.7265625
0;52300;STARFRUIT;5037;30;;;;;5044;30;;;;;5040.5;-59.90625
0;52300;AMETHYSTS;9995;30;;;;;10005;30;;;;;10000.0;-8.0
0;52400;AMETHYSTS;10002;3;9996;1;9995;20;10004;1;10005;20;;;10003.0;-8.0
0;52400;STARFRUIT;5038;1;5037;21;;;5040;4;5044;21;;;5039.0;-59.2890625
0;52500;AMETHYSTS;9996;2;9995;25;;;10004;2;10005;25;;;10000.0;-8.0
0;52500;STARFRUIT;5037;27;;;;;5043;2;5044;25;;;5040.0;-48.0390625
0;52600;AMETHYSTS;9996;1;9995;30;;;10004;1;10005;30;;;10000.0;-8.0
0;52600;STARFRUIT;5037;31;;;;;5043;1;5044;30;;;5040.0;-45.6953125
0;52700;STARFRUIT;5042;1;5037;25;;;5043;1;5044;24;;;5042.5;-46.734375
0;52700;AMETHYSTS;9996;1;9995;24;;;10002;9;10004;1;10005;24;9999.0;-8.0
0;52800;AMETHYSTS;9996;2;9995;26;;;10004;2;10005;26;;;10000.0;-8.0
0;52800;STARFRUIT;5042;1;5037;28;;;5044;28;;;;;5043.0;-49.6796875
0;52900;AMETHYSTS;9996;1;9995;26;;;10002;3;10004;1;10005;26;9999.0;-8.0
0;52900;STARFRUIT;5036;27;;;;;5043;27;;;;;5039.5;-34.578125
0;53000;AMETHYSTS;9996;1;9995;29;;;10004;1;10005;29;;;10000.0;-8.0
0;53000;STARFRUIT;5036;1;5035;29;;;5042;30;;;;;5039.0;-21.546875
0;53100;STARFRUIT;5036;2;5035;21;;;5042;2;5043;21;;;5039.0;-24.953125
0;53100;AMETHYSTS;9996;2;9995;21;;;9998;5;10004;2;10005;21;9997.0;-8.0
0;53200;AMETHYSTS;9995;23;;;;;10005;23;;;;;10000.0;-8.0
0;53200;STARFRUIT;5041;1;5036;23;;;5043;23;;;;;5042.0;-33.4375
0;53300;AMETHYSTS;9995;20;;;;;10005;20;;;;;10000.0;-8.0
0;53300;STARFRUIT;5036;20;;;;;5043;20;;;;;5039.5;-27.1796875
0;53400;AMETHYSTS;9996;2;9995;30;;;9998;1;10004;2;10005;30;9997.0;-8.0
0;53400;STARFRUIT;5038;7;5037;32;;;5044;32;;;;;5041.0;-51.4140625
0;53500;STARFRUIT;5037;25;;;;;5042;2;5044;25;;;5039.5;-55.25
0;53500;AMETHYSTS;9995;25;;;;;10002;7;10005;25;;;9998.5;-8.0
0;53600;AMETHYSTS;9998;2;9996;1;9995;22;10004;1;10005;22;;;10001.0;-8.0
0;53600;STARFRUIT;5037;23;;;;;5044;23;;;;;5040.5;-58.109375
0;53700;AMETHYSTS;9995;23;;;;;10005;23;;;;;10000.0;-8.0
0;53700;STARFRUIT;5038;1;5037;23;;;5044;23;;;;;5041.0;-56.15625
0;53800;AMETHYSTS;9998;8;9995;29;;;10005;29;;;;;10001.5;-8.0
0;53800;STARFRUIT;5037;29;;;;;5044;29;;;;;5040.5;-49.796875
0;53900;STARFRUIT;5038;1;5037;25;;;5040;4;5044;26;;;5039.0;-61.4921875
0;53900;AMETHYSTS;9996;1;9995;25;;;10000;4;10002;8;10004;1;9998.0;-8.0
0;54000;AMETHYSTS;9996;1;9995;21;;;10002;1;10004;1;10005;21;9999.0;-8.0
0;54000;STARFRUIT;5038;7;5037;22;;;5044;22;;;;;5041.0;-55.015625
0;54100;AMETHYSTS;9996;1;9995;21;;;10004;1;10005;21;;;10000.0;-8.0
0;54100;STARFRUIT;5038;4;5037;22;;;5043;1;5044;21;;;5040.5;-46.7109375
0;54200;AMETHYSTS;9996;1;9995;20;;;10004;1;10005;20;;;10000.0;-4.0
0;54200;STARFRUIT;5037;20;;;;;5043;1;5044;20;;;5040.0;-46.25
0;54300;STARFRUIT;5037;28;;;;;5043;2;5044;26;;;5040.0;-46.3359375
0;54300;AMETHYSTS;10002;1;9996;2;9995;26;10004;2;10005;26;;;10003.0;-4.0
0;54400;AMETHYSTS;9995;22;;;;;10005;22;;;;;10000.0;-6.0
0;54400;STARFRUIT;5037;22;;;;;5044;22;;;;;5040.5;-62.828125
0;54500;AMETHYSTS;9996;2;9995;27;;;10002;2;10004;2;10005;27;9999.0;-6.0
0;54500;STARFRUIT;5038;29;;;;;5045;29;;;;;5041.5;-69.7734375
0;54600;AMETHYSTS;10002;2;9996;1;9995;29;10004;1;10005;29;;;10003.0;-6.0
0;54600;STARFRUIT;5038;30;;;;;5045;30;;;;;5041.5;-74.0546875
0;54700;STARFRUIT;5038;1;5037;22;;;5044;1;5045;22;;;5041.0;-64.859375
0;54700;AMETHYSTS;9996;1;9995;22;;;10004;1;10005;22;;;10000.0;-6.0
0;54800;AMETHYSTS;9996;2;9995;23;;;10004;2;10005;23;;;10000.0;-6.0
0;54800;STARFRUIT;5039;9;5038;23;;;5045;25;;;;;5042.0;-80.515625
0;54900;AMETHYSTS;9996;2;9995;22;;;10004;2;10005;22;;;10000.0;-6.0
0;54900;STARFRUIT;5038;24;;;;;5043;1;5045;24;;;5040.5;-77.3359375
0;55000;AMETHYSTS;9996;2;9995;20;;;10004;2;10005;20;;;10000.0;-6.0
0;55000;STARFRUIT;5039;2;5038;20;;;5043;7;5045;22;;;5041.0;-81.40625
0;55100;STARFRUIT;5039;26;;;;;5045;2;5046;24;;;5042.0;-86.53125
0;55100;AMETHYSTS;9996;2;9995;24;;;10004;2;10005;24;;;10000.0;-6.0
0;55200;AMETHYSTS;9998;8;9996;1;9995;25;10004;1;10005;25;;;10001.0;-6.0
0;55200;STARFRUIT;5038;25;;;;;5045;26;;;;;5041.5;-82.21875
0;55300;AMETHYSTS;9995;22;;;;;10002;5;10005;22;;;9998.5;-6.0
0;55300;STARFRUIT;5039;22;;;;;5044;3;5046;22;;;5041.5;-87.4296875
0;55400;AMETHYSTS;9998;7;9996;1;9995;27;10004;1;10005;27;;;10001.0;-6.0
0;55400;STARFRUIT;5039;6;5038;27;;;5045;28;;;;;5042.0;-83.84375
0;55500;STARFRUIT;5039;2;5038;22;;;5043;2;5045;24;;;5041.0;-81.640625
0;55500;AMETHYSTS;9996;2;9995;22;;;10004;2;10005;22;;;10000.0;-6.0
0;55600;AMETHYSTS;9995;23;;;;;10002;9;10005;23;;;9998.5;-6.0
0;55600;STARFRUIT;5038;23;;;;;5045;23;;;;;5041.5;-81.6796875
0;55700;AMETHYSTS;9996;1;9995;21;;;10002;7;10004;1;10005;21;9999.0;-6.0
0;55700;STARFRUIT;5038;22;;;;;5045;22;;;;;5041.5;-77.125
0;55800;AMETHYSTS;9996;1;9995;25;;;10004;1;10005;25;;;10000.0;-6.0
0;55800;STARFRUIT;5039;8;5038;26;;;5045;26;;;;;5042.0;-79.109375
0;55900;STARFRUIT;5041;4;5038;20;;;5045;20;;;;;5043.0;-75.78125
0;55900;AMETHYSTS;9995;20;;;;;10005;20;;;;;10000.0;-6.0
0;56000;AMETHYSTS;10000;2;9996;1;9995;24;10002;6;10004;1;10005;24;10001.0;-6.0
0;56000;STARFRUIT;5041;2;5038;25;;;5043;7;5045;25;;;5042.0;-75.6640625
0;56100;AMETHYSTS;9996;1;9995;27;;;9998;1;10002;3;10004;1;9997.0;-6.0
0;56100;STARFRUIT;5038;28;;;;;5044;1;5045;27;;;5041.0;-66.265625
0;56200;AMETHYSTS;9996;1;9995;30;;;10000;4;10004;1;10005;30;9998.0;-6.0
0;56200;STARFRUIT;5038;31;;;;;5041;4;5044;1;5045;30;5039.5;-68.1640625
0;56300;STARFRUIT;5038;28;;;;;5045;28;;;;;5041.5;-68.9765625
0;56300;AMETHYSTS;9995;28;;;;;10005;28;;;;;10000.0;-6.0
0;56400;STARFRUIT;5038;29;;;;;5045;29;;;;;5041.5;-69.6015625
0;56400;AMETHYSTS;9996;2;9995;27;;;10004;2;10005;27;;;10000.0;-6.0
0;56500;AMETHYSTS;9995;21;;;;;10002;9;10005;21;;;9998.5;-6.0
0;56500;STARFRUIT;5038;21;;;;;5045;21;;;;;5041.5;-73.1953125
0;56600;STARFRUIT;5038;2;5037;28;;;5043;3;5044;2;5045;28;5040.5;-64.8046875
0;56600;AMETHYSTS;9996;2;9995;28;;;10002;2;10004;2;10005;28;9999.0;-6.0
0;56700;STARFRUIT;5038;2;5037;27;;;5039;4;5044;27;;;5038.5;-62.8828125
0;56700;AMETHYSTS;9998;5;9995;27;;;10005;27;;;;;10001.5;-6.0
0;56800;STARFRUIT;5038;8;5037;23;;;5044;23;;;;;5041.0;-57.765625
0;56800;AMETHYSTS;9995;23;;;;;10005;23;;;;;10000.0;-6.0
0;56900;AMETHYSTS;9996;1;9995;20;;;10004;1;10005;20;;;10000.0;-6.0
0;56900;STARFRUIT;5037;21;;;;;5044;21;;;;;5040.5;-52.9375
0;57000;STARFRUIT;5037;22;;;;;5044;22;;;;;5040.5;-59.3828125
0;57000;AMETHYSTS;9996;2;9995;20;;;10002;10;10004;2;10005;20;9999.0;-6.0
0;57100;STARFRUIT;5043;1;5037;24;;;5045;24;;;;;5044.0;-65.3203125
0;57100;AMETHYSTS;9998;6;9995;24;;;10005;24;;;;;10001.5;-6.0
0;57200;STARFRUIT;5038;1;5037;25;;;5044;26;;;;;5041.0;-61.1796875
0;57200;AMETHYSTS;9998;5;9996;1;9995;25;10004;1;10005;25;;;10001.0;-6.0
0;57300;AMETHYSTS;9996;1;9995;30;;;10004;1;10005;30;;;10000.0;-6.0
0;57300;STARFRUIT;5038;31;;;;;5043;1;5044;1;5045;30;5040.5;-68.6796875
0;57400;STARFRUIT;5038;28;;;;;5044;1;5045;27;;;5041.0;-69.21875
0;57400;AMETHYSTS;9996;1;9995;27;;;10004;1;10005;27;;;10000.0;-6.0
0;57500;STARFRUIT;5038;2;5037;21;;;5044;21;;;;;5041.0;-64.046875
0;57500;AMETHYSTS;9995;21;;;;;10005;21;;;;;10000.0;-6.0
0;57600;STARFRUIT;5040;5;5038;2;5037;20;5044;22;;;;;5042.0;-62.8984375
0;57600;AMETHYSTS;10000;4;9996;2;9995;20;10004;2;10005;20;;;10002.0;-6.0
0;57700;AMETHYSTS;9998;2;9996;1;9995;21;10004;1;10005;21;;;10001.0;-6.0
0;57700;STARFRUIT;5037;22;;;;;5044;22;;;;;5040.5;-52.5390625
0;57800;STARFRUIT;5038;7;5037;28;;;5044;28;;;;;5041.0;-57.1484375
0;57800;AMETHYSTS;9996;2;9995;26;;;10002;4;10004;2;10005;26;9999.0;-6.0
0;57900;STARFRUIT;5037;2;5036;26;;;5038;5;5043;28;;;5037.5;-43.984375
0;57900;AMETHYSTS;9996;2;9995;26;;;10004;2;10005;26;;;10000.0;-6.0
0;58000;STARFRUIT;5037;28;;;;;5044;28;;;;;5040.5;-49.71875
0;58000;AMETHYSTS;9995;28;;;;;10005;28;;;;;10000.0;-6.0
0;58100;AMETHYSTS;9998;7;9995;20;;;10005;20;;;;;10001.5;-6.0
0;58100;STARFRUIT;5037;20;;;;;5044;20;;;;;5040.5;-53.484375
0;58200;STARFRUIT;5037;29;;;;;5043;2;5044;27;;;5040.0;-47.8984375
0;58200;AMETHYSTS;9996;2;9995;27;;;10004;2;10005;27;;;10000.0;-6.0
0;58300;STARFRUIT;5037;2;5036;28;;;5043;30;;;;;5040.0;-42.828125
0;58300;AMETHYSTS;9996;2;9995;28;;;10004;2;10005;28;;;10000.0;-6.0
0;58400;STARFRUIT;5037;25;;;;;5044;25;;;;;5040.5;-48.3671875
0;58400;AMETHYSTS;9995;25;;;;;10005;25;;;;;10000.0;-6.0
0;58500;AMETHYSTS;9998;3;9996;2;9995;20;10004;2;10005;20;;;10001.0;-6.0
0;58500;STARFRUIT;5038;2;5037;20;;;5042;2;5044;22;;;5040.0;-60.921875
0;58600;STARFRUIT;5038;23;;;;;5045;23;;;;;5041.5;-72.046875
0;58600;AMETHYSTS;9996;1;9995;22;;;10004;1;10005;22;;;10000.0;-6.0
0;58700;AMETHYSTS;9996;1;9995;29;;;9998;1;10000;4;10004;1;9997.0;-6.0
0;58700;STARFRUIT;5038;30;;;;;5041;4;5044;1;5045;29;5039.5;-68.7890625
0;58800;AMETHYSTS;9996;1;9995;30;;;10004;1;10005;30;;;10000.0;-6.0
0;58800;STARFRUIT;5038;1;5037;30;;;5042;5;5044;31;;;5040.0;-62.296875
0;58900;AMETHYSTS;9996;2;9995;23;;;10004;2;10005;23;;;10000.0;-2.0
0;58900;STARFRUIT;5043;1;5037;25;;;5044;25;;;;;5043.5;-58.21875
0;59000;STARFRUIT;5038;1;5037;23;;;5044;1;5045;23;;;5041.0;-64.5234375
0;59000;AMETHYSTS;9996;1;9995;23;;;10004;1;10005;23;;;10000.0;-2.0
0;59100;AMETHYSTS;9998;7;9996;1;9995;20;10004;1;10005;20;;;10001.0;-2.0
0;59100;STARFRUIT;5038;1;5037;20;;;5044;21;;;;;5041.0;-62.96875
0;59200;AMETHYSTS;10002;1;9996;2;9995;23;10004;2;10005;23;;;10003.0;-2.0
0;59200;STARFRUIT;5042;10;5038;10;5037;23;5044;25;;;;;5043.0;-60.84375
0;59300;AMETHYSTS;9998;5;9995;22;;;10005;22;;;;;10001.5;-2.0
0;59300;STARFRUIT;5036;22;;;;;5044;22;;;;;5040.0;-45.0078125
0;59400;STARFRUIT;5036;23;;;;;5043;23;;;;;5039.5;-39.8515625
0;59400;AMETHYSTS;10002;1;9995;23;;;10005;23;;;;;10003.5;-2.0
0;59500;AMETHYSTS;9996;2;9995;22;;;10004;2;10005;22;;;10000.0;-4.0
0;59500;STARFRUIT;5037;2;5036;22;;;5043;2;5044;22;;;5040.0;-44.9609375
0;59600;AMETHYSTS;10002;1;9996;1;9995;24;10004;1;10005;24;;;10003.0;-4.0
0;59600;STARFRUIT;5037;25;;;;;5044;25;;;;;5040.5;-52.53125
0;59700;AMETHYSTS;9996;1;9995;25;;;10004;1;10005;25;;;10000.0;-4.0
0;59700;STARFRUIT;5044;1;5038;26;;;5045;26;;;;;5044.5;-76.0234375
0;59800;STARFRUIT;5038;24;;;;;5045;24;;;;;5041.5;-77.4140625
0;59800;AMETHYSTS;9998;9;9996;2;9995;22;10004;2;10005;22;;;10001.0;-4.0
0;59900;AMETHYSTS;9996;2;9995;23;;;10004;2;10005;23;;;10000.0;-4.0
0;59900;STARFRUIT;5038;2;5037;23;;;5042;4;5044;25;;;5040.0;-61.8046875
0;60000;AMETHYSTS;9996;1;9995;25;;;9998;3;10002;10;10004;1;9997.0;-4.0
0;60000;STARFRUIT;5038;5;5037;26;;;5044;26;;;;;5041.0;-59.875
0;60100;AMETHYSTS;9996;1;9995;27;;;10004;1;10005;27;;;10000.0;-4.0
0;60100;STARFRUIT;5037;28;;;;;5044;28;;;;;5040.5;-56.0546875
0;60200;STARFRUIT;5037;26;;;;;5044;26;;;;;5040.5;-55.0078125
0;60200;AMETHYSTS;9996;1;9995;25;;;10004;1;10005;25;;;10000.0;-4.0
0;60300;AMETHYSTS;9998;3;9996;1;9995;23;10004;1;10005;23;;;10001.0;-4.0
0;60300;STARFRUIT;5037;24;;;;;5044;24;;;;;5040.5;-54.0
0;60400;AMETHYSTS;9996;2;9995;22;;;9998;1;10004;2;10005;22;9997.0;-4.0
0;60400;STARFRUIT;5037;24;;;;;5043;2;5044;22;;;5040.0;-47.3359375
0;60500;AMETHYSTS;9995;25;;;;;10000;2;10005;25;;;9997.5;-4.0
0;60500;STARFRUIT;5037;25;;;;;5040;2;5044;25;;;5038.5;-46.796875
0;60600;STARFRUIT;5037;21;;;;;5043;1;5044;21;;;5040.0;-49.34375
0;60600;AMETHYSTS;9996;1;9995;21;;;10004;1;10005;21;;;10000.0;-4.0
0;60700;AMETHYSTS;9998;10;9995;24;;;10005;24;;;;;10001.5;-4.0
0;60700;STARFRUIT;5042;9;5037;24;;;5044;24;;;;;5043.0;-55.8671875
0;60800;AMETHYSTS;9996;2;9995;26;;;10004;2;10005;26;;;10000.0;-4.0
0;60800;STARFRUIT;5043;1;5037;28;;;5044;28;;;;;5043.5;-59.4921875
0;60900;STARFRUIT;5043;1;5037;29;;;5044;29;;;;;5043.5;-60.671875
0;60900;AMETHYSTS;9998;10;9995;29;;;10005;29;;;;;10001.5;-4.0
0;61000;AMETHYSTS;9996;1;9995;25;;;9998;1;10004;1;10005;25;9997.0;-4.0
0;61000;STARFRUIT;5037;26;;;;;5044;26;;;;;5040.5;-59.4609375
0;61100;AMETHYSTS;9996;2;9995;29;;;10004;2;10005;29;;;10000.0;-4.0
0;61100;STARFRUIT;5037;31;;;;;5044;31;;;;;5040.5;-50.203125
0;61200;AMETHYSTS;9998;1;9995;22;;;10005;22;;;;;10001.5;-4.0
0;61200;STARFRUIT;5038;5;5037;22;;;5039;3;5044;22;;;5038.5;-59.6875
0;61300;STARFRUIT;5036;27;;;;;5043;27;;;;;5039.5;-40.984375
0;61300;AMETHYSTS;9995;27;;;;;10005;27;;;;;10000.0;-4.0
0;61400;AMETHYSTS;9995;28;;;;;10005;28;;;;;10000.0;-4.0
0;61400;STARFRUIT;5037;28;;;;;5044;28;;;;;5040.5;-50.328125
0;61500;AMETHYSTS;9998;4;9995;22;;;10005;22;;;;;10001.5;-4.0
0;61500;STARFRUIT;5042;1;5037;22;;;5044;22;;;;;5043.0;-47.5703125
0;61600;AMETHYSTS;9996;1;9995;27;;;10004;1;10005;27;;;10000.0;-4.0
0;61600;STARFRUIT;5037;28;;;;;5044;28;;;;;5040.5;-56.7109375
0;61700;STARFRUIT;5037;23;;;;;5044;23;;;;;5040.5;-59.140625
0;61700;AMETHYSTS;9996;2;9995;21;;;10004;2;10005;21;;;10000.0;-4.0
0;61800;AMETHYSTS;9996;2;9995;24;;;10004;2;10005;24;;;10000.0;-4.0
0;61800;STARFRUIT;5037;26;;;;;5038;1;5044;26;;;5037.5;-56.703125
0;61900;AMETHYSTS;9995;28;;;;;10002;8;10005;28;;;9998.5;-4.0
0;61900;STARFRUIT;5037;28;;;;;5044;28;;;;;5040.5;-62.890625
0;62000;AMETHYSTS;9995;24;;;;;10005;24;;;;;10000.0;-4.0
0;62000;STARFRUIT;5037;24;;;;;5044;24;;;;;5040.5;-55.7890625
0;62100;STARFRUIT;5037;27;;;;;5043;2;5044;25;;;5040.0;-48.09375
0;62100;AMETHYSTS;9996;2;9995;25;;;10002;3;10004;2;10005;25;9999.0;-4.0
0;62200;AMETHYSTS;9998;9;9996;2;9995;22;10004;2;10005;22;;;10001.0;-4.0
0;62200;STARFRUIT;5037;24;;;;;5042;1;5044;24;;;5039.5;-57.4609375
0;62300;AMETHYSTS;9995;21;;;;;10005;21;;;;;10000.0;-4.0
0;62300;STARFRUIT;5037;21;;;;;5044;21;;;;;5040.5;-60.7109375
0;62400;AMETHYSTS;9995;24;;;;;10005;24;;;;;10000.0;-4.0
0;62400;STARFRUIT;5037;24;;;;;5044;24;;;;;5040.5;-61.25
0;62500;STARFRUIT;5038;2;5037;25;;;5044;27;;;;;5041.0;-61.6796875
0;62500;AMETHYSTS;9996;2;9995;25;;;10004;2;10005;25;;;10000.0;-4.0
0;62600;AMETHYSTS;9998;6;9996;1;9995;21;10004;1;10005;21;;;10001.0;-4.0
0;62600;STARFRUIT;5038;1;5037;21;;;5044;22;;;;;5041.0;-62.25
0;62700;AMETHYSTS;9998;3;9995;25;;;10005;25;;;;;10001.5;-4.0
0;62700;STARFRUIT;5037;25;;;;;5044;25;;;;;5040.5;-51.578125
0;62800;AMETHYSTS;9995;22;;;;;10005;22;;;;;10000.0;-4.0
0;62800;STARFRUIT;5037;22;;;;;5044;22;;;;;5040.5;-56.2421875
0;62900;STARFRUIT;5037;22;;;;;5043;2;5044;20;;;5040.0;-47.96875
0;62900;AMETHYSTS;10002;11;9998;3;9996;2;10004;2;10005;20;;;10003.0;-4.0
0;63000;AMETHYSTS;9995;30;;;;;10005;30;;;;;10000.0;-4.0
0;63000;STARFRUIT;5037;30;;;;;5044;30;;;;;5040.5;-58.5234375
0;63100;AMETHYSTS;9995;30;;;;;9998;1;10005;30;;;9996.5;-4.0
0;63100;STARFRUIT;5037;30;;;;;5044;30;;;;;5040.5;-61.515625
0;63200;AMETHYSTS;9996;1;9995;24;;;10004;1;10005;24;;;10000.0;-4.0
0;63200;STARFRUIT;5038;25;;;;;5044;1;5045;24;;;5041.0;-67.203125
0;63300;STARFRUIT;5043;1;5038;30;;;5045;30;;;;;5044.0;-70.8984375
0;63300;AMETHYSTS;10002;4;9995;30;;;10005;30;;;;;10003.5;-4.0
0;63400;AMETHYSTS;9996;2;9995;22;;;10004;2;10005;22;;;10000.0;-4.0
0;63400;STARFRUIT;5038;24;;;;;5044;2;5045;22;;;5041.0;-65.7734375
0;63500;AMETHYSTS;9995;28;;;;;10005;28;;;;;10000.0;-4.0
0;63500;STARFRUIT;5038;3;5037;28;;;5044;28;;;;;5041.0;-59.109375
0;63600;AMETHYSTS;9995;22;;;;;10005;22;;;;;10000.0;-4.0
0;63600;STARFRUIT;5042;1;5037;22;;;5044;22;;;;;5043.0;-53.6015625
0;63700;STARFRUIT;5037;21;;;;;5040;5;5042;7;5044;21;5038.5;-50.1640625
0;63700;AMETHYSTS;9995;21;;;;;10000;5;10002;7;10005;21;9997.5;-4.0
0;63800;AMETHYSTS;9996;1;9995;27;;;9998;1;10004;1;10005;27;9997.0;-4.0
0;63800;STARFRUIT;5036;1;5035;27;;;5042;28;;;;;5039.0;-29.4609375
0;63900;AMETHYSTS;9995;22;;;;;10000;2;10005;22;;;9997.5;-4.0
0;63900;STARFRUIT;5035;22;;;;;5039;2;5043;22;;;5037.0;-30.3359375
0;64000;AMETHYSTS;9995;30;;;;;9998;11;10002;10;10005;30;9996.5;-4.0
0;64000;STARFRUIT;5036;2;5035;30;;;5042;30;;;;;5039.0;-24.6640625
0;64100;STARFRUIT;5036;28;;;;;5041;4;5042;2;5043;26;5038.5;-38.109375
0;64100;AMETHYSTS;9996;2;9995;26;;;10002;4;10004;2;10005;26;9999.0;-4.0
0;64200;AMETHYSTS;9996;2;9995;25;;;10004;2;10005;25;;;10000.0;-4.0
0;64200;STARFRUIT;5036;27;;;;;5043;27;;;;;5039.5;-42.015625
0;64300;AMETHYSTS;9998;4;9996;2;9995;20;10004;2;10005;20;;;10001.0;-4.0
0;64300;STARFRUIT;5036;2;5035;22;;;5042;22;;;;;5039.0;-31.7421875
0;64400;AMETHYSTS;9996;2;9995;27;;;10004;2;10005;27;;;10000.0;-4.0
0;64400;STARFRUIT;5036;4;5035;29;;;5042;29;;;;;5039.0;-29.7265625
0;64500;STARFRUIT;5036;7;5035;22;;;5042;22;;;;;5039.0;-28.8203125
0;64500;AMETHYSTS;9996;2;9995;20;;;10004;2;10005;20;;;10000.0;-4.0
0;64600;AMETHYSTS;9996;2;9995;27;;;10004;2;10005;27;;;10000.0;-4.0
0;64600;STARFRUIT;5036;2;5035;27;;;5042;29;;;;;5039.0;-35.3125
0;64700;AMETHYSTS;10002;1;9996;1;9995;28;10004;1;10005;28;;;10003.0;-4.0
0;64700;STARFRUIT;5036;1;5035;28;;;5042;1;5043;28;;;5039.0;-36.0078125
0;64800;AMETHYSTS;9996;1;9995;20;;;10004;1;10005;20;;;10000.0;-4.0
0;64800;STARFRUIT;5036;20;;;;;5042;1;5043;20;;;5039.0;-39.1796875
0;64900;STARFRUIT;5036;2;5035;30;;;5042;32;;;;;5039.0;-33.6328125
0;64900;AMETHYSTS;9996;2;9995;30;;;9998;4;10002;10;10004;2;9997.0;-4.0
0;65000;AMETHYSTS;9996;1;9995;26;;;10002;5;10004;1;10005;26;9999.0;-4.0
0;65000;STARFRUIT;5041;1;5036;27;;;5042;1;5043;26;;;5041.5;-37.140625
0;65100;AMETHYSTS;9998;10;9996;1;9995;25;10004;1;10005;25;;;10001.0;-4.0
0;65100;STARFRUIT;5036;1;5035;25;;;5042;26;;;;;5039.0;-32.1640625
0;65200;AMETHYSTS;9996;1;9995;28;;;10002;6;10004;1;10005;28;9999.0;-4.0
0;65200;STARFRUIT;5037;2;5036;29;;;5042;1;5043;28;;;5039.5;-38.0
0;65300;STARFRUIT;5036;29;;;;;5041;1;5043;29;;;5038.5;-41.4375
0;65300;AMETHYSTS;9995;29;;;;;10002;9;10005;29;;;9998.5;-4.0
0;65400;STARFRUIT;5035;21;;;;;5037;2;5042;21;;;5036.0;-32.203125
0;65400;AMETHYSTS;9998;10;9995;21;;;10005;21;;;;;10001.5;-4.0
0;65500;AMETHYSTS;9995;20;;;;;10005;20;;;;;10000.0;-4.0
0;65500;STARFRUIT;5035;20;;;;;5042;20;;;;;5038.5;-29.484375
0;65600;STARFRUIT;5036;6;5035;20;;;5042;20;;;;;5039.0;-30.6640625
0;65600;AMETHYSTS;9998;3;9995;20;;;10005;20;;;;;10001.5;-4.0
0;65700;STARFRUIT;5035;24;;;;;5036;1;5043;24;;;5035.5;-38.328125
0;65700;AMETHYSTS;9995;24;;;;;10005;24;;;;;10000.0;-4.0
0;65800;STARFRUIT;5037;1;5036;30;;;5043;30;;;;;5040.0;-45.0234375
0;65800;AMETHYSTS;10002;4;9995;30;;;10005;30;;;;;10003.5;-4.0
0;65900;AMETHYSTS;9996;2;9995;24;;;10004;2;10005;24;;;10000.0;-4.0
0;65900;STARFRUIT;5037;2;5036;24;;;5043;26;;;;;5040.0;-57.5234375
0;66000;STARFRUIT;5037;7;5036;24;;;5043;25;;;;;5040.0;-56.828125
0;66000;AMETHYSTS;9996;1;9995;24;;;10004;1;10005;24;;;10000.0;-4.0
0;66100;STARFRUIT;5042;1;5037;25;;;5043;2;5044;23;;;5042.5;-61.5546875
0;66100;AMETHYSTS;9996;2;9995;23;;;10004;2;10005;23;;;10000.0;-4.0
0;66200;STARFRUIT;5041;5;5037;23;;;5043;1;5044;22;;;5042.0;-61.390625
0;66200;AMETHYSTS;10002;1;9996;1;9995;22;10004;1;10005;22;;;10003.0;-4.0
0;66300;AMETHYSTS;10000;3;9995;20;;;10002;5;10005;20;;;10001.0;-4.0
0;66300;STARFRUIT;5040;3;5037;20;;;5044;20;;;;;5042.0;-71.1484375
0;66400;STARFRUIT;5037;2;5036;24;;;5043;26;;;;;5040.0;-67.6484375
0;66400;AMETHYSTS;9996;2;9995;24;;;10004;2;10005;24;;;10000.0;-4.0
0;66500;STARFRUIT;5042;1;5037;31;;;5043;1;5044;30;;;5042.5;-68.7734375
0;66500;AMETHYSTS;9996;1;9995;30;;;10004;1;10005;30;;;10000.0;-4.0
0;66600;STARFRUIT;5037;31;;;;;5044;31;;;;;5040.5;-67.1015625
0;66600;AMETHYSTS;10002;3;9998;1;9996;2;10004;2;10005;29;;;10003.0;-4.0
0;66700;AMETHYSTS;9996;1;9995;25;;;10004;1;10005;25;;;10000.0;-4.0
0;66700;STARFRUIT;5038;5;5037;26;;;5044;26;;;;;5041.0;-69.15625
0;66800;STARFRUIT;5038;1;5037;25;;;5044;26;;;;;5041.0;-73.8515625
0;66800;AMETHYSTS;9996;1;9995;25;;;10004;1;10005;25;;;10000.0;-4.0
0;66900;STARFRUIT;5037;3;5036;20;;;5043;20;;;;;5040.0;-62.1640625
0;66900;AMETHYSTS;9995;20;;;;;10005;20;;;;;10000.0;-4.0
0;67000;STARFRUIT;5036;24;;;;;5042;2;5043;22;;;5039.0;-53.6796875
0;67000;AMETHYSTS;9998;1;9996;2;9995;22;10004;2;10005;22;;;10001.0;-4.0
0;67100;AMETHYSTS;9996;1;9995;25;;;10004;1;10005;25;;;10000.0;-4.0
0;67100;STARFRUIT;5036;26;;;;;5043;26;;;;;5039.5;-58.453125
0;67200;STARFRUIT;5036;23;;;;;5041;6;5043;23;;;5038.5;-58.15625
0;67200;AMETHYSTS;9995;23;;;;;10005;23;;;;;10000.0;-4.0
0;67300;STARFRUIT;5038;1;5037;22;;;5043;1;5044;21;;;5040.5;-66.59375
0;67300;AMETHYSTS;9996;1;9995;21;;;10004;1;10005;21;;;10000.0;-4.0
0;67400;STARFRUIT;5038;8;5037;29;;;5044;29;;;;;5041.0;-71.3125
0;67400;AMETHYSTS;9996;1;9995;28;;;10004;1;10005;28;;;10000.0;-4.0
0;67500;AMETHYSTS;9995;22;;;;;10005;22;;;;;10000.0;-4.0
0;67500;STARFRUIT;5037;22;;;;;5044;22;;;;;5040.5;-79.5078125
0;67600;STARFRUIT;5038;1;5037;25;;;5044;26;;;;;5041.0;-80.0859375
0;67600;AMETHYSTS;9996;1;9995;25;;;10004;1;10005;25;;;10000.0;-4.0
0;67700;AMETHYSTS;9996;2;9995;21;;;10000;3;10004;2;10005;21;9998.0;-4.0
0;67700;STARFRUIT;5037;23;;;;;5040;3;5044;23;;;5038.5;-74.46875
0;67800;AMETHYSTS;9996;2;9995;30;;;10004;2;10005;30;;;10000.0;-4.0
0;67800;STARFRUIT;5038;6;5037;32;;;5044;32;;;;;5041.0;-76.8671875
0;67900;AMETHYSTS;9995;26;;;;;10005;26;;;;;10000.0;-4.0
0;67900;STARFRUIT;5036;26;;;;;5043;26;;;;;5039.5;-64.5
0;68000;STARFRUIT;5042;1;5036;25;;;5043;25;;;;;5042.5;-62.3828125
0;68000;AMETHYSTS;9995;25;;;;;10002;5;10005;25;;;9998.5;-4.0
0;68100;AMETHYSTS;9996;1;9995;26;;;10002;8;10004;1;10005;26;9999.0;-4.0
0;68100;STARFRUIT;5037;7;5036;27;;;5042;1;5043;26;;;5039.5;-51.828125
0;68200;AMETHYSTS;9996;1;9995;23;;;9998;1;10004;1;10005;23;9997.0;-4.0
0;68200;STARFRUIT;5036;1;5035;23;;;5042;24;;;;;5039.0;-44.484375
0;68300;AMETHYSTS;9996;1;9995;25;;;10002;4;10004;1;10005;25;9999.0;-4.0
0;68300;STARFRUIT;5035;1;5034;25;;;5041;26;;;;;5038.0;-24.796875
0;68400;STARFRUIT;5034;31;;;;;5041;31;;;;;5037.5;-21.125
0;68400;AMETHYSTS;10002;1;9996;1;9995;30;10004;1;10005;30;;;10003.0;-4.0
0;68500;AMETHYSTS;9996;1;9995;22;;;10004;1;10005;22;;;10000.0;-4.0
0;68500;STARFRUIT;5035;1;5034;22;;;5039;5;5041;23;;;5037.0;-27.484375
0;68600;AMETHYSTS;9995;27;;;;;9998;1;10005;27;;;9996.5;-4.0
0;68600;STARFRUIT;5034;27;;;;;5042;27;;;;;5038.0;-27.9375
0;68700;AMETHYSTS;9998;10;9996;2;9995;20;10004;2;10005;20;;;10001.0;-4.0
0;68700;STARFRUIT;5035;22;;;;;5041;2;5042;20;;;5038.0;-29.546875
0;68800;STARFRUIT;5035;1;5034;30;;;5037;6;5041;1;5042;30;5036.0;-27.8125
0;68800;AMETHYSTS;9996;1;9995;30;;;10000;6;10002;1;10004;1;9998.0;-4.0
0;68900;AMETHYSTS;9998;3;9996;2;9995;23;10004;2;10005;23;;;10001.0;-4.0
0;68900;STARFRUIT;5035;25;;;;;5041;2;5042;23;;;5038.0;-30.8984375
0;69000;AMETHYSTS;9996;1;9995;27;;;10004;1;10005;27;;;10000.0;-4.0
0;69000;STARFRUIT;5035;28;;;;;5041;1;5042;27;;;5038.0;-29.3359375
0;69100;AMETHYSTS;9996;1;9995;25;;;10004;1;10005;25;;;10000.0;-4.0
0;69100;STARFRUIT;5036;1;5035;26;;;5041;1;5042;25;;;5038.5;-28.875
0;69200;STARFRUIT;5035;21;;;;;5042;21;;;;;5038.5;-33.0625
0;69200;AMETHYSTS;9996;1;9995;20;;;10002;8;10004;1;10005;20;9999.0;-4.0
0;69300;AMETHYSTS;9996;1;9995;23;;;10004;1;10005;23;;;10000.0;-4.0
0;69300;STARFRUIT;5035;1;5034;23;;;5041;24;;;;;5038.0;-24.46875
0;69400;AMETHYSTS;9995;22;;;;;10005;22;;;;;10000.0;-4.0
0;69400;STARFRUIT;5035;4;5034;22;;;5041;22;;;;;5038.0;-11.171875
0;69500;AMETHYSTS;9996;1;9995;30;;;10002;8;10004;1;10005;30;9999.0;-4.0
0;69500;STARFRUIT;5034;2;5033;31;;;5039;1;5040;30;;;5036.5;8.21875
0;69600;STARFRUIT;5033;27;;;;;5040;27;;;;;5036.5;1.65625
0;69600;AMETHYSTS;9996;2;9995;25;;;10004;2;10005;25;;;10000.0;-4.0
0;69700;AMETHYSTS;10002;1;9996;2;9995;24;10004;2;10005;24;;;10003.0;-4.0
0;69700;STARFRUIT;5033;26;;;;;5040;26;;;;;5036.5;2.7734375
0;69800;AMETHYSTS;9996;1;9995;22;;;10004;1;10005;22;;;10000.0;-4.0
0;69800;STARFRUIT;5034;22;;;;;5040;1;5041;22;;;5037.0;-9.7578125
0;69900;STARFRUIT;5034;26;;;;;5040;2;5041;24;;;5037.0;-9.28125
0;69900;AMETHYSTS;10002;1;9998;10;9996;2;10004;2;10005;24;;;10003.0;-4.0
0;70000;AMETHYSTS;9996;2;9995;28;;;10004;2;10005;28;;;10000.0;-4.0
0;70000;STARFRUIT;5034;2;5033;28;;;5040;2;5041;28;;;5037.0;-8.1875
0;70100;AMETHYSTS;10002;1;9995;27;;;10005;27;;;;;10003.5;-4.0
0;70100;STARFRUIT;5033;27;;;;;5034;1;5040;27;;;5033.5;-1.2421875
0;70200;AMETHYSTS;9996;2;9995;28;;;10004;2;10005;28;;;10000.0;-4.0
0;70200;STARFRUIT;5033;30;;;;;5040;30;;;;;5036.5;-3.0390625
0;70300;STARFRUIT;5034;5;5033;24;;;5040;25;;;;;5037.0;-4.1015625
0;70300;AMETHYSTS;9998;10;9996;1;9995;24;10004;1;10005;24;;;10001.0;-4.0
0;70400;AMETHYSTS;10002;13;9996;2;9995;29;10004;2;10005;29;;;10003.0;-4.0
0;70400;STARFRUIT;5034;31;;;;;5041;31;;;;;5037.5;-14.3359375
0;70500;AMETHYSTS;10002;1;9995;21;;;10005;21;;;;;10003.5;-4.0
0;70500;STARFRUIT;5034;21;;;;;5035;3;5041;21;;;5034.5;-13.5
0;70600;AMETHYSTS;10002;1;10000;3;9996;1;10004;1;10005;22;;;10003.0;-4.0
0;70600;STARFRUIT;5036;2;5034;1;5033;22;5040;1;5041;22;;;5038.0;-7.703125
0;70700;STARFRUIT;5033;27;;;;;5040;27;;;;;5036.5;0.171875
0;70700;AMETHYSTS;9995;27;;;;;10005;27;;;;;10000.0;-4.0
0;70800;AMETHYSTS;9996;2;9995;20;;;9998;5;10002;8;10004;2;9997.0;-4.0
0;70800;STARFRUIT;5033;22;;;;;5040;22;;;;;5036.5;5.6875
0;70900;AMETHYSTS;9995;21;;;;;10005;21;;;;;10000.0;-4.0
0;70900;STARFRUIT;5033;21;;;;;5034;1;5040;21;;;5033.5;0.625
0;71000;AMETHYSTS;9996;2;9995;28;;;9998;3;10004;2;10005;28;9997.0;-4.0
0;71000;STARFRUIT;5034;2;5033;28;;;5038;1;5040;30;;;5036.0;-5.03125
0;71100;STARFRUIT;5035;6;5034;30;;;5041;30;;;;;5038.0;-14.5234375
0;71100;AMETHYSTS;9998;4;9995;30;;;10005;30;;;;;10001.5;-4.0
0;71200;AMETHYSTS;9996;1;9995;27;;;9998;1;10004;1;10005;27;9997.0;-4.0
0;71200;STARFRUIT;5035;1;5034;27;;;5041;28;;;;;5038.0;-24.8671875
0;71300;AMETHYSTS;9996;2;9995;28;;;10004;2;10005;28;;;10000.0;-4.0
0;71300;STARFRUIT;5035;2;5034;28;;;5040;8;5041;2;5042;28;5037.5;-27.875
0;71400;AMETHYSTS;10002;2;9996;2;9995;25;10004;2;10005;25;;;10003.0;-4.0
0;71400;STARFRUIT;5036;2;5035;25;;;5040;6;5042;27;;;5038.0;-44.5234375
0;71500;STARFRUIT;5035;26;;;;;5040;5;5042;26;;;5037.5;-42.71875
0;71500;AMETHYSTS;9995;26;;;;;10005;26;;;;;10000.0;-4.0
0;71600;AMETHYSTS;9998;7;9996;2;9995;29;10004;2;10005;29;;;10001.0;-4.0
0;71600;STARFRUIT;5035;31;;;;;5042;31;;;;;5038.5;-43.2421875
0;71700;AMETHYSTS;9996;1;9995;25;;;9998;1;10004;1;10005;25;9997.0;-4.0
0;71700;STARFRUIT;5035;26;;;;;5042;26;;;;;5038.5;-41.921875
0;71800;AMETHYSTS;9995;22;;;;;9998;1;10005;22;;;9996.5;-4.0
0;71800;STARFRUIT;5035;22;;;;;5042;22;;;;;5038.5;-45.0703125
0;71900;STARFRUIT;5036;30;;;;;5043;30;;;;;5039.5;-56.5859375
0;71900;AMETHYSTS;9996;2;9995;28;;;10004;2;10005;28;;;10000.0;-4.0
0;72000;AMETHYSTS;9998;2;9996;1;9995;23;10004;1;10005;23;;;10001.0;-4.0
0;72000;STARFRUIT;5036;24;;;;;5043;24;;;;;5039.5;-56.46875
0;72100;AMETHYSTS;9996;2;9995;24;;;9998;1;10004;2;10005;24;9997.0;-4.0
0;72100;STARFRUIT;5035;26;;;;;5042;26;;;;;5038.5;-42.8125
0;72200;AMETHYSTS;9995;25;;;;;9998;1;10005;25;;;9996.5;-4.0
0;72200;STARFRUIT;5035;25;;;;;5042;25;;;;;5038.5;-39.609375
0;72300;STARFRUIT;5036;1;5035;22;;;5040;3;5042;23;;;5038.0;-44.203125
0;72300;AMETHYSTS;9996;1;9995;22;;;10004;1;10005;22;;;10000.0;-4.0
0;72400;AMETHYSTS;9995;25;;;;;10005;25;;;;;10000.0;-4.0
0;72400;STARFRUIT;5036;25;;;;;5043;25;;;;;5039.5;-58.1953125
0;72500;AMETHYSTS;10000;4;9996;2;9995;20;10004;2;10005;20;;;10002.0;-4.0
0;72500;STARFRUIT;5039;4;5037;2;5036;20;5043;22;;;;;5041.0;-65.8046875
0;72600;AMETHYSTS;9998;8;9995;28;;;10005;28;;;;;10001.5;-4.0
0;72600;STARFRUIT;5036;28;;;;;5043;28;;;;;5039.5;-64.828125
0;72700;STARFRUIT;5036;28;;;;;5043;28;;;;;5039.5;-52.59375
0;72700;AMETHYSTS;9995;28;;;;;10005;28;;;;;10000.0;-4.0
0;72800;AMETHYSTS;9996;2;9995;27;;;10004;2;10005;27;;;10000.0;-4.0
0;72800;STARFRUIT;5036;29;;;;;5037;8;5043;29;;;5036.5;-57.4453125
0;72900;AMETHYSTS;9996;1;9995;22;;;10002;4;10004;1;10005;22;9999.0;-4.0
0;72900;STARFRUIT;5037;2;5036;23;;;5043;23;;;;;5040.0;-54.921875
0;73000;AMETHYSTS;9995;21;;;;;10005;21;;;;;10000.0;-4.0
0;73000;STARFRUIT;5036;21;;;;;5041;8;5043;21;;;5038.5;-65.765625
0;73100;STARFRUIT;5037;28;;;;;5042;3;5043;1;5044;27;5039.5;-70.8828125
0;73100;AMETHYSTS;9996;1;9995;27;;;10002;7;10004;1;10005;27;9999.0;-4.0
0;73200;AMETHYSTS;9996;1;9995;23;;;10002;7;10004;1;10005;23;9999.0;-4.0
0;73200;STARFRUIT;5037;24;;;;;5044;24;;;;;5040.5;-77.5234375
0;73300;AMETHYSTS;9996;2;9995;23;;;10004;2;10005;23;;;10000.0;-4.0
0;73300;STARFRUIT;5037;25;;;;;5044;25;;;;;5040.5;-83.34375
0;73400;AMETHYSTS;9995;30;;;;;10002;6;10005;30;;;9998.5;-4.0
0;73400;STARFRUIT;5038;30;;;;;5045;30;;;;;5041.5;-89.453125
0;73500;STARFRUIT;5038;25;;;;;5044;1;5045;24;;;5041.0;-91.828125
0;73500;AMETHYSTS;9998;6;9996;1;9995;24;10004;1;10005;24;;;10001.0;-4.0
0;73600;AMETHYSTS;9995;30;;;;;9998;1;10005;30;;;9996.5;-4.0
0;73600;STARFRUIT;5038;30;;;;;5045;30;;;;;5041.5;-93.7421875
0;73700;AMETHYSTS;10002;4;9995;25;;;10005;25;;;;;10003.5;-4.0
0;73700;STARFRUIT;5038;25;;;;;5045;25;;;;;5041.5;-94.1015625
0;73800;AMETHYSTS;9998;1;9996;1;9995;21;10004;1;10005;21;;;10001.0;4.0
0;73800;STARFRUIT;5038;22;;;;;5045;22;;;;;5041.5;-97.9609375
0;73900;STARFRUIT;5038;27;;;;;5046;27;;;;;5042.0;-108.0703125
0;73900;AMETHYSTS;9995;27;;;;;10005;27;;;;;10000.0;-4.0
0;74000;AMETHYSTS;10000;5;9996;2;9995;27;10004;2;10005;27;;;10002.0;-4.0
0;74000;STARFRUIT;5041;6;5039;7;5038;29;5045;29;;;;;5043.0;-101.171875
0;74100;AMETHYSTS;9998;5;9996;1;9995;23;10004;1;10005;23;;;10001.0;-12.0
0;74100;STARFRUIT;5042;3;5038;24;;;5045;24;;;;;5043.5;-97.640625
0;74200;STARFRUIT;5038;31;;;;;5043;7;5045;31;;;5040.5;-95.53125
0;74200;AMETHYSTS;9996;1;9995;30;;;10002;1;10004;1;10005;30;9999.0;-12.0
0;74300;STARFRUIT;5039;1;5038;26;;;5043;3;5045;27;;;5041.0;-105.8203125
0;74300;AMETHYSTS;9998;6;9996;1;9995;26;10004;1;10005;26;;;10001.0;-12.0
0;74400;STARFRUIT;5039;23;;;;;5046;23;;;;;5042.5;-117.6875
0;74400;AMETHYSTS;9996;2;9995;21;;;10004;2;10005;21;;;10000.0;-12.0
0;74500;AMETHYSTS;9996;2;9995;24;;;10004;2;10005;24;;;10000.0;-12.0
0;74500;STARFRUIT;5044;1;5043;3;5039;26;5046;26;;;;;5045.0;-114.625
0;74600;STARFRUIT;5040;1;5039;29;;;5046;29;;;;;5043.0;-112.71875
0;74600;AMETHYSTS;9996;2;9995;27;;;9998;2;10004;2;10005;27;9997.0;-12.0
0;74700;STARFRUIT;5039;27;;;;;5046;27;;;;;5042.5;-114.328125
0;74700;AMETHYSTS;9996;1;9995;26;;;10004;1;10005;26;;;10000.0;-12.0
0;74800;STARFRUIT;5039;3;5038;24;;;5045;26;;;;;5042.0;-107.375
0;74800;AMETHYSTS;9996;2;9995;24;;;10004;2;10005;24;;;10000.0;-12.0
0;74900;AMETHYSTS;9996;1;9995;27;;;10004;1;10005;27;;;10000.0;-12.0
0;74900;STARFRUIT;5039;1;5038;27;;;5045;1;5046;27;;;5042.0;-107.5390625
0;75000;STARFRUIT;5039;1;5038;21;;;5045;22;;;;;5042.0;-106.1171875
0;75000;AMETHYSTS;9996;1;9995;21;;;9998;4;10004;1;10005;21;9997.0;-12.0
0;75100;STARFRUIT;5039;2;5038;26;;;5045;2;5046;26;;;5042.0;-107.796875
0;75100;AMETHYSTS;9996;2;9995;26;;;10002;8;10004;2;10005;26;9999.0;-12.0
0;75200;STARFRUIT;5040;7;5039;31;;;5046;31;;;;;5043.0;-114.1796875
0;75200;AMETHYSTS;9996;1;9995;30;;;10004;1;10005;30;;;10000.0;-12.0
0;75300;AMETHYSTS;9998;7;9996;1;9995;26;10004;1;10005;26;;;10001.0;-12.0
0;75300;STARFRUIT;5040;27;;;;;5046;1;5047;26;;;5043.0;-129.40625
0;75400;STARFRUIT;5039;25;;;;;5046;25;;;;;5042.5;-114.9921875
0;75400;AMETHYSTS;9995;25;;;;;10005;25;;;;;10000.0;-12.0
0;75500;STARFRUIT;5039;23;;;;;5046;23;;;;;5042.5;-117.890625
0;75500;AMETHYSTS;9996;1;9995;22;;;10004;1;10005;22;;;10000.0;-12.0
0;75600;STARFRUIT;5039;2;5038;23;;;5045;2;5046;23;;;5042.0;-108.234375
0;75600;AMETHYSTS;9996;2;9995;23;;;9998;9;10004;2;10005;23;9997.0;-12.0
0;75700;AMETHYSTS;9996;2;9995;25;;;10004;2;10005;25;;;10000.0;-12.0
0;75700;STARFRUIT;5044;1;5039;27;;;5046;27;;;;;5045.0;-114.015625
0;75800;STARFRUIT;5045;1;5040;1;5039;28;5046;28;;;;;5045.5;-119.625
0;75800;AMETHYSTS;9996;2;9995;26;;;10002;3;10004;2;10005;26;9999.0;-12.0
0;75900;STARFRUIT;5039;24;;;;;5044;3;5045;2;5046;22;5041.5;-112.53125
0;75900;AMETHYSTS;9996;2;9995;22;;;10004;2;10005;22;;;10000.0;-12.0
0;76000;STARFRUIT;5039;3;5038;31;;;5045;31;;;;;5042.0;-110.078125
0;76000;AMETHYSTS;9998;8;9996;1;9995;30;10004;1;10005;30;;;10001.0;-12.0
0;76100;AMETHYSTS;10002;1;9995;28;;;10005;28;;;;;10003.5;-12.0
0;76100;STARFRUIT;5038;28;;;;;5045;28;;;;;5041.5;-110.84375
0;76200;STARFRUIT;5037;28;;;;;5044;28;;;;;5040.5;-100.0859375
0;76200;AMETHYSTS;9998;9;9995;28;;;10005;28;;;;;10001.5;-12.0
0;76300;STARFRUIT;5037;22;;;;;5044;22;;;;;5040.5;-98.15625
0;76300;AMETHYSTS;9998;7;9996;1;9995;21;10004;1;10005;21;;;10001.0;-12.0
0;76400;STARFRUIT;5038;8;5037;28;;;5044;28;;;;;5041.0;-98.921875
0;76400;AMETHYSTS;9995;28;;;;;10005;28;;;;;10000.0;-12.0
0;76500;AMETHYSTS;10000;2;9995;28;;;10005;28;;;;;10002.5;-12.0
0;76500;STARFRUIT;5040;2;5037;28;;;5044;28;;;;;5042.0;-104.296875
0;76600;STARFRUIT;5038;29;;;;;5045;29;;;;;5041.5;-113.7109375
0;76600;AMETHYSTS;9995;29;;;;;10005;29;;;;;10000.0;-12.0
