day;timestamp;product;bid_price_1;bid_volume_1;bid_price_2;bid_volume_2;bid_price_3;bid_volume_3;ask_price_1;ask_volume_1;ask_price_2;ask_volume_2;ask_price_3;ask_volume_3;mid_price;profit_and_loss
0;0;AMETHYSTS;9998;9;9995;23;;;10005;23;;;;;10001.5;0.0
0;0;STARFRUIT;5036;23;;;;;5043;23;;;;;5039.5;0.0
0;100;AMETHYSTS;10002;1;10000;2;9998;4;10004;1;10005;21;;;10003.0;0.0
0;100;STARFRUIT;5042;1;5039;2;5037;1;5043;22;;;;;5042.5;0.0
0;200;AMETHYSTS;9996;1;9995;21;;;10004;1;10005;21;;;10000.0;2.0
0;200;STARFRUIT;5037;1;5036;21;;;5043;1;5044;21;;;5040.0;2.01611328125
0;300;STARFRUIT;5042;1;5037;26;;;5044;26;;;;;5043.0;1.52978515625
0;300;AMETHYSTS;9995;26;;;;;10005;26;;;;;10000.0;2.0
0;400;AMETHYSTS;9998;8;9996;2;9995;26;10004;2;10005;26;;;10001.0;2.0
0;400;STARFRUIT;5037;28;;;;;5044;28;;;;;5040.5;3.1142578125
0;500;AMETHYSTS;9998;8;9996;1;9995;23;10004;1;10005;23;;;10001.0;2.0
0;500;STARFRUIT;5037;24;;;;;5042;3;5044;24;;;5039.5;2.63671875
0;600;AMETHYSTS;9996;2;9995;28;;;10004;2;10005;28;;;10000.0;2.0
0;600;STARFRUIT;5041;5;5037;30;;;5044;30;;;;;5042.5;3.0361328125
0;700;STARFRUIT;5036;22;;;;;5043;23;;;;;5039.5;9.90234375
0;700;AMETHYSTS;9996;1;9995;22;;;10004;1;10005;22;;;10000.0;2.0
0;800;AMETHYSTS;9996;1;9995;24;;;10000;3;10004;1;10005;24;9998.0;2.0
0;800;STARFRUIT;5036;25;;;;;5039;3;5043;25;;;5037.5;12.76953125
0;900;AMETHYSTS;9996;1;9995;20;;;9998;11;10004;1;10005;20;9997.0;2.0
0;900;STARFRUIT;5036;21;;;;;5043;21;;;;;5039.5;14.4375
0;1000;AMETHYSTS;9996;1;9995;30;;;10004;1;10005;30;;;10000.0;2.0
0;1000;STARFRUIT;5037;1;5036;30;;;5043;31;;;;;5040.0;13.6650390625
0;1100;STARFRUIT;5037;22;;;;;5043;1;5044;21;;;5040.0;12.634765625
0;1100;AMETHYSTS;9996;1;9995;21;;;10002;6;10004;1;10005;21;9999.0;2.0
0;1200;AMETHYSTS;9996;1;9995;22;;;10004;1;10005;22;;;10000.0;2.0
0;1200;STARFRUIT;5036;23;;;;;5037;1;5043;23;;;5036.5;14.0546875
0;1300;AMETHYSTS;10002;1;9995;25;;;10005;25;;;;;10003.5;2.0
0;1300;STARFRUIT;5036;25;;;;;5043;25;;;;;5039.5;17.6171875
0;1400;AMETHYSTS;9995;23;;;;;10000;6;10005;23;;;9997.5;4.0
0;1400;STARFRUIT;5036;23;;;;;5039;6;5043;23;;;5037.5;17.5
0;1500;STARFRUIT;5041;1;5036;21;;;5043;21;;;;;5042.0;19.5546875
0;1500;AMETHYSTS;9996;1;9995;20;;;9998;4;10004;1;10005;20;9997.0;4.0
0;1600;AMETHYSTS;9996;2;9995;28;;;10004;2;10005;28;;;10000.0;4.0
0;1600;STARFRUIT;5037;30;;;;;5043;2;5044;28;;;5040.0;23.46875
0;1700;AMETHYSTS;9995;28;;;;;10005;28;;;;;10000.0;4.0
0;1700;STARFRUIT;5036;28;;;;;5041;8;5043;28;;;5038.5;22.4873046875
0;1800;AMETHYSTS;10000;4;9995;23;;;10002;10;10005;23;;;10001.0;4.0
0;1800;STARFRUIT;5040;4;5036;23;;;5044;23;;;;;5042.0;23.0087890625
0;1900;STARFRUIT;5036;31;;;;;5043;32;;;;;5039.5;23.70556640625
0;1900;AMETHYSTS;9996;2;9995;30;;;10004;2;10005;30;;;10000.0;4.0
0;2000;AMETHYSTS;9996;2;9995;21;;;10004;2;10005;21;;;10000.0;4.0
0;2000;STARFRUIT;5036;23;;;;;5043;23;;;;;5039.5;23.64306640625
0;2100;AMETHYSTS;9996;2;9995;26;;;10004;2;10005;26;;;10000.0;4.0
0;2100;STARFRUIT;5036;28;;;;;5041;5;5043;28;;;5038.5;23.5947265625
0;2200;AMETHYSTS;9996;1;9995;20;;;9998;4;10004;1;10005;20;9997.0;4.0
0;2200;STARFRUIT;5037;4;5036;21;;;5043;21;;;;;5040.0;23.6787109375
0;2300;STARFRUIT;5038;5;5037;24;;;5043;2;5044;22;;;5040.5;22.87109375
0;2300;AMETHYSTS;9996;2;9995;22;;;10004;2;10005;22;;;10000.0;12.0
0;2400;AMETHYSTS;9996;2;9995;20;;;10004;2;10005;20;;;10000.0;12.0
0;2400;STARFRUIT;5037;22;;;;;5043;2;5044;20;;;5040.0;22.876953125
0;2500;AMETHYSTS;9998;3;9996;2;9995;21;10004;2;10005;21;;;10001.0;12.0
0;2500;STARFRUIT;5036;23;;;;;5043;23;;;;;5039.5;23.541015625
0;2600;AMETHYSTS;10002;1;9996;1;9995;29;10004;1;10005;29;;;10003.0;12.0
0;2600;STARFRUIT;5035;30;;;;;5042;30;;;;;5038.5;24.70068359375
0;2700;STARFRUIT;5036;7;5035;23;;;5041;2;5042;21;;;5038.5;24.87353515625
0;2700;AMETHYSTS;9998;7;9996;2;9995;21;10004;2;10005;21;;;10001.0;14.0
0;2800;AMETHYSTS;9995;27;;;;;10005;27;;;;;10000.0;14.0
0;2800;STARFRUIT;5035;27;;;;;5042;27;;;;;5038.5;24.41796875
0;2900;AMETHYSTS;9996;2;9995;20;;;10004;2;10005;20;;;10000.0;14.0
0;2900;STARFRUIT;5035;22;;;;;5042;22;;;;;5038.5;24.5419921875
0;3000;AMETHYSTS;9996;1;9995;29;;;10004;1;10005;29;;;10000.0;14.0
0;3000;STARFRUIT;5040;1;5035;6;5034;29;5041;30;;;;;5040.5;25.21435546875
0;3100;STARFRUIT;5035;1;5034;27;;;5041;28;;;;;5038.0;27.2666015625
0;3100;AMETHYSTS;9998;5;9996;1;9995;27;10004;1;10005;27;;;10001.0;14.0
0;3200;STARFRUIT;5035;24;;;;;5038;5;5042;24;;;5036.5;26.607421875
0;3200;AMETHYSTS;10002;2;9995;24;;;10005;24;;;;;10003.5;14.0
0;3300;AMETHYSTS;10002;1;9996;1;9995;24;10004;1;10005;24;;;10003.0;18.0
0;3300;STARFRUIT;5034;25;;;;;5041;25;;;;;5037.5;27.740234375
0;3400;STARFRUIT;5034;29;;;;;5041;29;;;;;5037.5;27.8017578125
0;3400;AMETHYSTS;9998;10;9996;2;9995;27;10004;2;10005;27;;;10001.0;14.0
0;3500;STARFRUIT;5034;26;;;;;5041;26;;;;;5037.5;27.703125
0;3500;AMETHYSTS;9995;26;;;;;10002;10;10005;26;;;9998.5;14.0
0;3600;STARFRUIT;5034;27;;;;;5041;27;;;;;5037.5;28.0390625
0;3600;AMETHYSTS;9995;27;;;;;10002;8;10005;27;;;9998.5;14.0
0;3700;AMETHYSTS;9998;3;9995;25;;;10005;25;;;;;10001.5;14.0
0;3700;STARFRUIT;5034;25;;;;;5041;25;;;;;5037.5;27.3203125
0;3800;STARFRUIT;5034;24;;;;;5039;7;5041;24;;;5036.5;27.57421875
0;3800;AMETHYSTS;9995;24;;;;;10005;24;;;;;10000.0;14.0
0;3900;STARFRUIT;5035;1;5034;26;;;5040;2;5041;24;;;5037.5;28.6904296875
0;3900;AMETHYSTS;9996;2;9995;24;;;10004;2;10005;24;;;10000.0;14.0
0;4000;STARFRUIT;5034;30;;;;;5041;31;;;;;5037.5;28.1982421875
0;4000;AMETHYSTS;10002;1;9996;1;9995;30;10004;1;10005;30;;;10003.0;14.0
0;4100;AMETHYSTS;10000;5;9996;2;9995;22;10002;4;10004;2;10005;22;10001.0;16.0
0;4100;STARFRUIT;5037;5;5035;2;5034;22;5041;24;;;;;5039.0;27.056640625
0;4200;STARFRUIT;5034;29;;;;;5039;7;5041;29;;;5036.5;28.25390625
0;4200;AMETHYSTS;10002;5;9996;1;9995;28;10004;1;10005;28;;;10003.0;8.0
0;4300;STARFRUIT;5034;26;;;;;5036;2;5041;26;;;5035.0;27.0654296875
0;4300;AMETHYSTS;9995;26;;;;;10002;8;10005;26;;;9998.5;18.0
0;4400;STARFRUIT;5035;28;;;;;5042;28;;;;;5038.5;31.0
0;4400;AMETHYSTS;9995;28;;;;;10005;28;;;;;10000.0;18.0
0;4500;AMETHYSTS;9995;26;;;;;10005;26;;;;;10000.0;18.0
0;4500;STARFRUIT;5035;26;;;;;5040;8;5042;26;;;5037.5;31.0
0;4600;STARFRUIT;5035;21;;;;;5040;3;5042;21;;;5037.5;31.0
0;4600;AMETHYSTS;9995;21;;;;;10005;21;;;;;10000.0;18.0
0;4700;STARFRUIT;5034;26;;;;;5041;26;;;;;5037.5;31.0
0;4700;AMETHYSTS;9998;5;9995;26;;;10005;26;;;;;10001.5;18.0
0;4800;STARFRUIT;5039;1;5035;7;5034;23;5041;23;;;;;5040.0;31.0
0;4800;AMETHYSTS;9996;1;9995;22;;;10004;1;10005;22;;;10000.0;18.0
0;4900;AMETHYSTS;9996;2;9995;22;;;10004;2;10005;22;;;10000.0;18.0
0;4900;STARFRUIT;5033;24;;;;;5038;6;5040;24;;;5035.5;33.3544921875
0;5000;STARFRUIT;5033;6;5032;30;;;5039;31;;;;;5036.0;21.462890625
0;5000;AMETHYSTS;9998;9;9996;1;9995;30;10004;1;10005;30;;;10001.0;18.0
0;5100;STARFRUIT;5032;26;;;;;5039;26;;;;;5035.5;21.234375
0;5100;AMETHYSTS;9995;26;;;;;10005;26;;;;;10000.0;18.0
0;5200;STARFRUIT;5035;5;5033;8;5032;23;5039;25;;;;;5037.0;21.11328125
0;5200;AMETHYSTS;10000;5;9998;7;9996;2;10004;2;10005;23;;;10002.0;18.0
0;5300;AMETHYSTS;9995;22;;;;;9998;12;10005;22;;;9996.5;18.0
0;5300;STARFRUIT;5032;22;;;;;5039;22;;;;;5035.5;19.6015625
0;5400;STARFRUIT;5032;30;;;;;5039;30;;;;;5035.5;20.7421875
0;5400;AMETHYSTS;9995;30;;;;;10005;30;;;;;10000.0;18.0
0;5500;AMETHYSTS;9996;1;9995;28;;;10004;1;10005;28;;;10000.0;18.0
0;5500;STARFRUIT;5032;29;;;;;5033;8;5039;29;;;5032.5;20.56640625
0;5600;AMETHYSTS;9998;2;9996;2;9995;23;10004;2;10005;23;;;10001.0;22.0
0;5600;STARFRUIT;5032;25;;;;;5038;2;5039;23;;;5035.0;17.3203125
0;5700;AMETHYSTS;9996;1;9995;30;;;10004;1;10005;30;;;10000.0;22.0
0;5700;STARFRUIT;5032;3;5031;31;;;5038;31;;;;;5035.0;14.44921875
0;5800;STARFRUIT;5031;30;;;;;5038;30;;;;;5034.5;15.23828125
0;5800;AMETHYSTS;9996;2;9995;28;;;10004;2;10005;28;;;10000.0;22.0
0;5900;AMETHYSTS;9996;2;9995;21;;;10004;2;10005;21;;;10000.0;22.0
0;5900;STARFRUIT;5031;23;;;;;5038;23;;;;;5034.5;15.8203125
0;6000;AMETHYSTS;9995;30;;;;;10002;10;10005;30;;;9998.5;22.0
0;6000;STARFRUIT;5031;30;;;;;5038;30;;;;;5034.5;15.302734375
0;6100;AMETHYSTS;9996;1;9995;24;;;10004;1;10005;24;;;10000.0;22.0
0;6100;STARFRUIT;5031;25;;;;;5037;1;5038;24;;;5034.0;12.41015625
0;6200;STARFRUIT;5036;1;5031;30;;;5038;30;;;;;5037.0;13.234375
0;6200;AMETHYSTS;9998;3;9996;1;9995;29;10004;1;10005;29;;;10001.0;22.0
0;6300;AMETHYSTS;9995;22;;;;;10005;22;;;;;10000.0;22.0
0;6300;STARFRUIT;5030;22;;;;;5037;22;;;;;5033.5;12.51171875
0;6400;AMETHYSTS;9996;1;9995;23;;;10002;6;10004;1;10005;23;9999.0;22.0
0;6400;STARFRUIT;5030;24;;;;;5036;1;5037;23;;;5033.0;10.587890625
0;6500;AMETHYSTS;9995;22;;;;;10005;22;;;;;10000.0;22.0
0;6500;STARFRUIT;5029;22;;;;;5036;22;;;;;5032.5;9.890625
0;6600;STARFRUIT;5030;29;;;;;5031;7;5036;2;5037;27;5030.5;10.67578125
0;6600;AMETHYSTS;9996;2;9995;27;;;10004;2;10005;27;;;10000.0;22.0
0;6700;AMETHYSTS;9996;1;9995;30;;;10004;1;10005;30;;;10000.0;22.0
0;6700;STARFRUIT;5030;1;5029;30;;;5034;7;5036;31;;;5032.0;9.591796875
0;6800;AMETHYSTS;10000;5;9996;2;9995;29;10004;2;10005;29;;;10002.0;22.0
0;6800;STARFRUIT;5033;4;5030;31;;;5037;31;;;;;5035.0;11.259765625
0;6900;AMETHYSTS;9996;2;9995;27;;;10004;2;10005;27;;;10000.0;22.0
0;6900;STARFRUIT;5030;29;;;;;5035;3;5037;29;;;5032.5;10.0
0;7000;STARFRUIT;5030;8;5029;30;;;5036;31;;;;;5033.0;10.0
0;7000;AMETHYSTS;9996;1;9995;30;;;10004;1;10005;30;;;10000.0;22.0
0;7100;AMETHYSTS;9996;1;9995;30;;;9998;5;10002;7;10004;1;9997.0;22.0
0;7100;STARFRUIT;5030;1;5029;30;;;5036;31;;;;;5033.0;10.0
0;7200;AMETHYSTS;9996;1;9995;22;;;10002;1;10004;1;10005;22;9999.0;32.0
0;7200;STARFRUIT;5031;6;5030;23;;;5036;1;5037;22;;;5033.5;10.0
0;7300;AMETHYSTS;9996;1;9995;25;;;10004;1;10005;25;;;10000.0;40.0
0;7300;STARFRUIT;5030;26;;;;;5036;1;5037;25;;;5033.0;10.0
0;7400;STARFRUIT;5030;22;;;;;5037;22;;;;;5033.5;10.0
0;7400;AMETHYSTS;10002;1;9995;22;;;10005;22;;;;;10003.5;40.0
0;7500;AMETHYSTS;9995;29;;;;;10005;29;;;;;10000.0;42.0
0;7500;STARFRUIT;5030;29;;;;;5035;3;5037;29;;;5032.5;10.0
0;7600;AMETHYSTS;10002;1;9995;27;;;10005;27;;;;;10003.5;42.0
0;7600;STARFRUIT;5031;27;;;;;5038;27;;;;;5034.5;10.0
0;7700;STARFRUIT;5030;26;;;;;5037;26;;;;;5033.5;10.0
0;7700;AMETHYSTS;9996;1;9995;25;;;10002;5;10004;1;10005;25;9999.0;44.0
0;7800;AMETHYSTS;9995;23;;;;;10005;23;;;;;10000.0;44.0
0;7800;STARFRUIT;5031;1;5030;23;;;5037;23;;;;;5034.0;10.0
0;7900;AMETHYSTS;9996;2;9995;22;;;10002;7;10004;2;10005;22;9999.0;44.0
0;7900;STARFRUIT;5030;24;;;;;5037;24;;;;;5033.5;10.0
0;8000;AMETHYSTS;10000;3;9996;2;9995;28;10004;2;10005;28;;;10002.0;44.0
0;8000;STARFRUIT;5036;1;5033;3;5031;2;5037;30;;;;;5036.5;10.0
0;8100;STARFRUIT;5030;25;;;;;5037;25;;;;;5033.5;12.076171875
0;8100;AMETHYSTS;9995;25;;;;;10005;25;;;;;10000.0;44.0
0;8200;AMETHYSTS;9996;2;9995;25;;;10004;2;10005;25;;;10000.0;44.0
0;8200;STARFRUIT;5030;27;;;;;5037;27;;;;;5033.5;12.2685546875
0;8300;AMETHYSTS;9998;9;9995;28;;;10005;28;;;;;10001.5;44.0
0;8300;STARFRUIT;5030;28;;;;;5037;28;;;;;5033.5;12.13134765625
0;8400;AMETHYSTS;9998;5;9995;29;;;10005;29;;;;;10001.5;44.0
0;8400;STARFRUIT;5031;29;;;;;5038;29;;;;;5034.5;11.79443359375
0;8500;STARFRUIT;5032;8;5031;27;;;5037;2;5038;25;;;5034.5;11.88720703125
0;8500;AMETHYSTS;9996;2;9995;25;;;10004;2;10005;25;;;10000.0;44.0
0;8600;AMETHYSTS;9996;2;9995;27;;;10004;2;10005;27;;;10000.0;44.0
0;8600;STARFRUIT;5031;29;;;;;5037;2;5038;27;;;5034.0;11.97119140625
0;8700;AMETHYSTS;9996;2;9995;22;;;10004;2;10005;22;;;10000.0;44.0
0;8700;STARFRUIT;5035;1;5031;8;5030;24;5037;24;;;;;5036.0;12.6435546875
0;8800;AMETHYSTS;9996;1;9995;30;;;10004;1;10005;30;;;10000.0;44.0
0;8800;STARFRUIT;5030;31;;;;;5037;31;;;;;5033.5;14.015625
0;8900;STARFRUIT;5031;2;5030;26;;;5037;26;;;;;5034.0;14.4482421875
0;8900;AMETHYSTS;9995;26;;;;;10005;26;;;;;10000.0;44.0
0;9000;AMETHYSTS;9995;23;;;;;10005;23;;;;;10000.0;44.0
0;9000;STARFRUIT;5030;23;;;;;5037;23;;;;;5033.5;14.654296875
0;9100;AMETHYSTS;9995;22;;;;;9998;1;10005;22;;;9996.5;44.0
0;9100;STARFRUIT;5030;5;5029;22;;;5036;22;;;;;5033.0;15.259765625
0;9200;AMETHYSTS;9996;2;9995;25;;;10004;2;10005;25;;;10000.0;46.0
0;9200;STARFRUIT;5030;5;5029;25;;;5036;27;;;;;5033.0;15.072265625
0;9300;STARFRUIT;5030;1;5029;29;;;5036;30;;;;;5033.0;15.158203125
0;9300;AMETHYSTS;10002;11;9998;1;9996;1;10004;1;10005;29;;;10003.0;46.0
0;9400;AMETHYSTS;10002;1;9996;2;9995;28;10004;2;10005;28;;;10003.0;46.0
0;9400;STARFRUIT;5031;3;5030;30;;;5036;2;5037;28;;;5033.5;14.546875
0;9500;AMETHYSTS;10002;1;9996;2;9995;24;10004;2;10005;24;;;10003.0;42.0
0;9500;STARFRUIT;5030;2;5029;24;;;5036;26;;;;;5033.0;15.2353515625
0;9600;AMETHYSTS;9996;1;9995;20;;;10002;6;10004;1;10005;20;9999.0;38.0
0;9600;STARFRUIT;5029;21;;;;;5036;21;;;;;5032.5;15.6611328125
0;9700;STARFRUIT;5029;31;;;;;5032;5;5034;5;5036;31;5030.5;15.86328125
0;9700;AMETHYSTS;9996;1;9995;30;;;10000;4;10004;1;10005;30;9998.0;38.0
0;9800;AMETHYSTS;9998;1;9996;2;9995;24;10004;2;10005;24;;;10001.0;38.0
0;9800;STARFRUIT;5029;26;;;;;5036;26;;;;;5032.5;18.642578125
0;9900;AMETHYSTS;9995;24;;;;;10005;24;;;;;10000.0;38.0
0;9900;STARFRUIT;5029;24;;;;;5036;24;;;;;5032.5;18.06640625
0;10000;AMETHYSTS;9995;27;;;;;10005;27;;;;;10000.0;38.0
0;10000;STARFRUIT;5029;27;;;;;5036;27;;;;;5032.5;18.08203125
0;10100;STARFRUIT;5028;21;;;;;5033;5;5035;21;;;5030.5;16.19921875
0;10100;AMETHYSTS;10002;4;9996;1;9995;20;10004;1;10005;20;;;10003.0;38.0
0;10200;AMETHYSTS;9995;20;;;;;10005;20;;;;;10000.0;46.0
0;10200;STARFRUIT;5028;20;;;;;5035;20;;;;;5031.5;16.271484375
0;10300;AMETHYSTS;9996;1;9995;24;;;10004;1;10005;24;;;10000.0;46.0
0;10300;STARFRUIT;5030;5;5029;25;;;5035;1;5036;24;;;5032.5;17.197265625
0;10400;AMETHYSTS;9995;25;;;;;10005;25;;;;;10000.0;46.0
0;10400;STARFRUIT;5029;25;;;;;5036;25;;;;;5032.5;17.373046875
0;10500;STARFRUIT;5030;8;5029;26;;;5037;26;;;;;5033.5;19.982421875
0;10500;AMETHYSTS;9995;26;;;;;10005;26;;;;;10000.0;46.0
0;10600;AMETHYSTS;9995;20;;;;;10005;20;;;;;10000.0;46.0
0;10600;STARFRUIT;5034;3;5029;20;;;5036;20;;;;;5035.0;18.43359375
0;10700;AMETHYSTS;9995;24;;;;;9998;3;10005;24;;;9996.5;46.0
0;10700;STARFRUIT;5030;7;5029;24;;;5036;24;;;;;5033.0;23.0
0;10800;AMETHYSTS;9995;23;;;;;10002;1;10005;23;;;9998.5;52.0
0;10800;STARFRUIT;5030;6;5029;23;;;5036;23;;;;;5033.0;23.0
0;10900;STARFRUIT;5029;1;5028;22;;;5031;6;5035;23;;;5030.0;23.0
0;10900;AMETHYSTS;9996;1;9995;22;;;10000;6;10004;1;10005;22;9998.0;52.0
0;11000;AMETHYSTS;9996;1;9995;26;;;10004;1;10005;26;;;10000.0;52.0
0;11000;STARFRUIT;5028;27;;;;;5033;2;5035;27;;;5030.5;24.80859375
0;11100;AMETHYSTS;9996;1;9995;30;;;10002;1;10004;1;10005;30;9999.0;52.0
0;11100;STARFRUIT;5029;1;5028;31;;;5034;1;5035;30;;;5031.5;24.078125
0;11200;AMETHYSTS;9996;2;9995;28;;;10004;2;10005;28;;;10000.0;52.0
0;11200;STARFRUIT;5028;2;5027;28;;;5032;5;5034;30;;;5030.0;21.70703125
0;11300;STARFRUIT;5027;27;;;;;5034;27;;;;;5030.5;20.12109375
0;11300;AMETHYSTS;9996;2;9995;25;;;10002;2;10004;2;10005;25;9999.0;52.0
0;11400;AMETHYSTS;9995;30;;;;;10005;30;;;;;10000.0;52.0
0;11400;STARFRUIT;5027;30;;;;;5034;30;;;;;5030.5;18.76953125
0;11500;AMETHYSTS;9996;1;9995;28;;;10004;1;10005;28;;;10000.0;52.0
0;11500;STARFRUIT;5027;29;;;;;5032;5;5034;29;;;5029.5;21.24609375
0;11600;AMETHYSTS;9996;2;9995;22;;;10004;2;10005;22;;;10000.0;52.0
0;11600;STARFRUIT;5027;24;;;;;5032;7;5034;24;;;5029.5;20.43359375
0;11700;STARFRUIT;5029;4;5027;2;5026;20;5033;22;;;;;5031.0;15.8984375
0;11700;AMETHYSTS;10000;4;9996;2;9995;20;10004;2;10005;20;;;10002.0;52.0
0;11800;AMETHYSTS;9998;10;9996;1;9995;21;10004;1;10005;21;;;10001.0;52.0
0;11800;STARFRUIT;5026;22;;;;;5033;22;;;;;5029.5;13.87890625
0;11900;AMETHYSTS;10002;1;10000;4;9998;1;10004;1;10005;22;;;10003.0;52.0
0;11900;STARFRUIT;5028;4;5026;1;5025;22;5032;23;;;;;5030.0;9.59765625
0;12000;STARFRUIT;5025;28;;;;;5032;28;;;;;5028.5;7.6328125
0;12000;AMETHYSTS;9996;1;9995;27;;;10004;1;10005;27;;;10000.0;54.0
0;12100;STARFRUIT;5026;2;5025;23;;;5032;25;;;;;5029.0;10.173828125
0;12100;AMETHYSTS;9996;2;9995;23;;;9998;8;10004;2;10005;23;9997.0;54.0
0;12200;STARFRUIT;5025;25;;;;;5032;25;;;;;5028.5;9.505859375
0;12200;AMETHYSTS;9996;2;9995;23;;;10004;2;10005;23;;;10000.0;54.0
0;12300;AMETHYSTS;9996;1;9995;24;;;10002;3;10004;1;10005;24;9999.0;54.0
0;12300;STARFRUIT;5026;5;5025;24;;;5032;25;;;;;5029.0;10.3359375
0;12400;STARFRUIT;5026;29;;;;;5033;29;;;;;5029.5;12.2109375
0;12400;AMETHYSTS;10002;1;9998;5;9995;29;10005;29;;;;;10003.5;54.0
0;12500;STARFRUIT;5029;3;5026;23;;;5033;23;;;;;5031.0;12.921875
0;12500;AMETHYSTS;10000;3;9996;1;9995;22;10004;1;10005;22;;;10002.0;56.0
0;12600;STARFRUIT;5029;4;5026;26;;;5033;26;;;;;5031.0;13.265625
0;12600;AMETHYSTS;10000;4;9995;26;;;10005;26;;;;;10002.5;56.0
0;12700;AMETHYSTS;10002;1;9996;1;9995;27;10004;1;10005;27;;;10003.0;56.0
0;12700;STARFRUIT;5027;28;;;;;5034;28;;;;;5030.5;18.576171875
0;12800;STARFRUIT;5030;4;5027;30;;;5034;30;;;;;5032.0;19.78515625
0;12800;AMETHYSTS;10000;4;9996;2;9995;28;10002;9;10004;2;10005;28;10001.0;52.0
0;12900;STARFRUIT;5027;23;;;;;5032;2;5034;23;;;5029.5;19.625
0;12900;AMETHYSTS;9996;2;9995;21;;;10002;4;10004;2;10005;21;9999.0;52.0
0;13000;STARFRUIT;5027;32;;;;;5034;32;;;;;5030.5;20.61328125
0;13000;AMETHYSTS;9996;2;9995;30;;;10002;2;10004;2;10005;30;9999.0;52.0
0;13100;AMETHYSTS;9995;21;;;;;10000;2;10005;21;;;9997.5;52.0
0;13100;STARFRUIT;5028;21;;;;;5031;2;5035;21;;;5029.5;23.50390625
0;13200;STARFRUIT;5033;1;5029;7;5028;31;5035;31;;;;;5034.0;24.822265625
0;13200;AMETHYSTS;9998;9;9996;2;9995;29;10004;2;10005;29;;;10001.0;52.0
0;13300;STARFRUIT;5028;23;;;;;5035;23;;;;;5031.5;27.60546875
0;13300;AMETHYSTS;10002;2;9996;1;9995;22;10004;1;10005;22;;;10003.0;34.0
0;13400;STARFRUIT;5028;26;;;;;5035;26;;;;;5031.5;27.6171875
0;13400;AMETHYSTS;9995;26;;;;;10005;26;;;;;10000.0;38.0
0;13500;AMETHYSTS;9996;1;9995;24;;;10004;1;10005;24;;;10000.0;38.0
0;13500;STARFRUIT;5028;25;;;;;5035;25;;;;;5031.5;26.591796875
0;13600;STARFRUIT;5028;26;;;;;5033;3;5035;26;;;5030.5;27.888671875
0;13600;AMETHYSTS;9996;2;9995;24;;;10002;6;10004;2;10005;24;9999.0;38.0
0;13700;STARFRUIT;5028;28;;;;;5035;28;;;;;5031.5;29.0625
0;13700;AMETHYSTS;10002;1;9995;28;;;10005;28;;;;;10003.5;38.0
0;13800;STARFRUIT;5028;23;;;;;5035;23;;;;;5031.5;29.6796875
0;13800;AMETHYSTS;9998;1;9995;23;;;10005;23;;;;;10001.5;40.0
0;13900;AMETHYSTS;9996;1;9995;20;;;10004;1;10005;20;;;10000.0;40.0
0;13900;STARFRUIT;5029;21;;;;;5031;3;5036;21;;;5030.0;32.8671875
0;14000;STARFRUIT;5030;3;5029;28;;;5036;29;;;;;5033.0;39.91015625
0;14000;AMETHYSTS;10002;6;9998;1;9996;1;10004;1;10005;28;;;10003.0;40.0
0;14100;STARFRUIT;5029;22;;;;;5036;22;;;;;5032.5;38.64453125
0;14100;AMETHYSTS;9996;2;9995;20;;;10002;4;10004;2;10005;20;9999.0;52.0
0;14200;STARFRUIT;5029;21;;;;;5036;21;;;;;5032.5;37.0859375
0;14200;AMETHYSTS;9995;21;;;;;10005;21;;;;;10000.0;44.0
0;14300;AMETHYSTS;9996;1;9995;21;;;10004;1;10005;21;;;10000.0;44.0
0;14300;STARFRUIT;5029;1;5028;21;;;5035;22;;;;;5032.0;32.421875
0;14400;STARFRUIT;5029;22;;;;;5036;23;;;;;5032.5;36.4296875
0;14400;AMETHYSTS;10002;4;9996;2;9995;21;10004;2;10005;21;;;10003.0;44.0
0;14500;AMETHYSTS;9996;1;9995;28;;;10002;10;10004;1;10005;28;9999.0;52.0
0;14500;STARFRUIT;5029;29;;;;;5034;6;5036;29;;;5031.5;36.328125
0;14600;AMETHYSTS;9996;1;9995;27;;;10004;1;10005;27;;;10000.0;32.0
0;14600;STARFRUIT;5029;1;5028;27;;;5030;3;5035;1;5036;27;5029.5;32.87890625
0;14700;AMETHYSTS;9996;1;9995;23;;;10004;1;10005;23;;;10000.0;32.0
0;14700;STARFRUIT;5029;24;;;;;5034;2;5035;1;5036;23;5031.5;39.58984375
0;14800;STARFRUIT;5029;1;5028;30;;;5033;3;5035;31;;;5031.0;37.265625
0;14800;AMETHYSTS;9996;1;9995;30;;;9998;1;10004;1;10005;30;9997.0;32.0
0;14900;AMETHYSTS;9996;1;9995;25;;;10002;1;10004;1;10005;25;9999.0;34.0
0;14900;STARFRUIT;5032;4;5028;26;;;5035;26;;;;;5033.5;31.328125
0;15000;AMETHYSTS;9996;2;9995;25;;;10004;2;10005;25;;;10000.0;34.0
0;15000;STARFRUIT;5029;6;5028;25;;;5035;27;;;;;5032.0;38.796875
0;15100;AMETHYSTS;9996;1;9995;20;;;9998;1;10004;1;10005;20;9997.0;34.0
0;15100;STARFRUIT;5028;21;;;;;5035;21;;;;;5031.5;34.859375
0;15200;STARFRUIT;5031;4;5029;4;5028;23;5035;23;;;;;5033.0;36.390625
0;15200;AMETHYSTS;10000;4;9996;2;9995;21;10002;4;10004;2;10005;21;10001.0;36.0
0;15300;AMETHYSTS;9996;2;9995;22;;;10002;7;10004;2;10005;22;9999.0;36.0
0;15300;STARFRUIT;5028;2;5027;22;;;5033;6;5034;2;5035;22;5030.5;32.015625
0;15400;AMETHYSTS;9995;30;;;;;10005;30;;;;;10000.0;36.0
0;15400;STARFRUIT;5027;30;;;;;5034;30;;;;;5030.5;30.49609375
0;15500;AMETHYSTS;9995;25;;;;;9998;11;10005;25;;;9996.5;36.0
0;15500;STARFRUIT;5028;25;;;;;5035;25;;;;;5031.5;32.20703125
0;15600;STARFRUIT;5028;23;;;;;5034;1;5035;22;;;5031.0;32.375
0;15600;AMETHYSTS;9996;1;9995;22;;;10004;1;10005;22;;;10000.0;36.0
0;15700;AMETHYSTS;9996;2;9995;28;;;10004;2;10005;28;;;10000.0;36.0
0;15700;STARFRUIT;5028;30;;;;;5033;1;5034;2;5035;28;5030.5;32.62890625
0;15800;AMETHYSTS;9998;6;9996;2;9995;26;10004;2;10005;26;;;10001.0;36.0
0;15800;STARFRUIT;5029;4;5028;28;;;5035;28;;;;;5032.0;37.0859375
0;15900;AMETHYSTS;9996;1;9995;20;;;10002;8;10004;1;10005;20;9999.0;36.0
0;15900;STARFRUIT;5029;1;5028;20;;;5030;3;5035;21;;;5029.5;38.09765625
0;16000;STARFRUIT;5029;22;;;;;5034;4;5036;22;;;5031.5;47.515625
0;16000;AMETHYSTS;9996;2;9995;20;;;10004;2;10005;20;;;10000.0;36.0
0;16100;AMETHYSTS;9996;1;9995;26;;;10004;1;10005;26;;;10000.0;36.0
0;16100;STARFRUIT;5029;27;;;;;5031;2;5034;8;5036;27;5030.0;50.62890625
0;16200;AMETHYSTS;9995;27;;;;;10002;4;10005;27;;;9998.5;36.0
0;16200;STARFRUIT;5029;26;;;;;5036;27;;;;;5032.5;47.76171875
0;16300;AMETHYSTS;9996;1;9995;21;;;10004;1;10005;21;;;10000.0;36.0
0;16300;STARFRUIT;5029;22;;;;;5036;22;;;;;5032.5;50.17578125
0;16400;AMETHYSTS;9996;2;9995;25;;;10002;6;10004;2;10005;25;9999.0;40.0
0;16400;STARFRUIT;5028;27;;;;;5033;7;5035;27;;;5030.5;44.1015625
0;16500;AMETHYSTS;9995;22;;;;;10005;22;;;;;10000.0;40.0
0;16500;STARFRUIT;5028;22;;;;;5033;1;5035;22;;;5030.5;35.515625
0;16600;AMETHYSTS;9995;26;;;;;10005;26;;;;;10000.0;40.0
0;16600;STARFRUIT;5029;7;5028;26;;;5035;26;;;;;5032.0;35.6875
0;16700;STARFRUIT;5028;25;;;;;5035;25;;;;;5031.5;38.484375
0;16700;AMETHYSTS;10002;1;9998;2;9995;25;10005;25;;;;;10003.5;40.0
0;16800;AMETHYSTS;10000;2;9996;2;9995;25;10004;2;10005;25;;;10002.0;42.0
0;16800;STARFRUIT;5031;2;5028;27;;;5035;27;;;;;5033.0;39.6015625
0;16900;AMETHYSTS;9996;2;9995;22;;;10004;2;10005;22;;;10000.0;42.0
0;16900;STARFRUIT;5028;24;;;;;5035;24;;;;;5031.5;38.84375
0;17000;AMETHYSTS;9996;1;9995;25;;;10004;1;10005;25;;;10000.0;42.0
0;17000;STARFRUIT;5029;1;5028;26;;;5034;1;5035;25;;;5031.5;35.7109375
0;17100;STARFRUIT;5028;1;5027;26;;;5034;27;;;;;5031.0;33.5078125
0;17100;AMETHYSTS;9996;1;9995;26;;;10004;1;10005;26;;;10000.0;42.0
0;17200;AMETHYSTS;9996;1;9995;27;;;10004;1;10005;27;;;10000.0;42.0
0;17200;STARFRUIT;5028;5;5027;28;;;5034;28;;;;;5031.0;26.19921875
0;17300;AMETHYSTS;9996;1;9995;27;;;10004;1;10005;27;;;10000.0;42.0
0;17300;STARFRUIT;5026;28;;;;;5031;6;5032;1;5033;27;5028.5;11.953125
0;17400;AMETHYSTS;9995;25;;;;;9998;11;10005;25;;;9996.5;42.0
0;17400;STARFRUIT;5030;3;5026;2;5025;25;5032;25;;;;;5031.0;9.69921875
0;17500;STARFRUIT;5026;28;;;;;5033;28;;;;;5029.5;18.3125
0;17500;AMETHYSTS;9996;2;9995;26;;;10004;2;10005;26;;;10000.0;42.0
0;17600;AMETHYSTS;9996;1;9995;29;;;10004;1;10005;29;;;10000.0;42.0
0;17600;STARFRUIT;5027;3;5026;30;;;5032;1;5033;29;;;5029.5;16.30078125
0;17700;AMETHYSTS;9998;2;9995;22;;;10005;22;;;;;10001.5;42.0
0;17700;STARFRUIT;5026;22;;;;;5033;22;;;;;5029.5;18.875
0;17800;AMETHYSTS;9996;2;9995;30;;;9998;3;10002;5;10004;2;9997.0;42.0
0;17800;STARFRUIT;5026;32;;;;;5031;5;5033;32;;;5028.5;20.84765625
0;17900;STARFRUIT;5032;1;5029;2;5026;21;5033;21;;;;;5032.5;20.59375
0;17900;AMETHYSTS;9995;21;;;;;9998;1;10002;3;10005;21;9996.5;48.0
0;18000;AMETHYSTS;9995;24;;;;;10005;24;;;;;10000.0;48.0
0;18000;STARFRUIT;5026;24;;;;;5033;24;;;;;5029.5;21.2421875
0;18100;AMETHYSTS;9996;2;9995;28;;;10004;2;10005;28;;;10000.0;48.0
0;18100;STARFRUIT;5026;30;;;;;5033;30;;;;;5029.5;21.185546875
0;18200;AMETHYSTS;9996;2;9995;23;;;10002;10;10004;2;10005;23;9999.0;48.0
0;18200;STARFRUIT;5027;25;;;;;5033;2;5034;23;;;5030.0;25.1484375
0;18300;STARFRUIT;5027;20;;;;;5034;20;;;;;5030.5;26.37890625
0;18300;AMETHYSTS;9995;20;;;;;10005;20;;;;;10000.0;48.0
0;18400;AMETHYSTS;9996;1;9995;21;;;10004;1;10005;21;;;10000.0;48.0
0;18400;STARFRUIT;5032;1;5027;22;;;5033;1;5034;21;;;5032.5;25.69140625
0;18500;AMETHYSTS;9996;2;9995;21;;;10004;2;10005;21;;;10000.0;48.0
0;18500;STARFRUIT;5027;23;;;;;5029;1;5034;23;;;5028.0;29.947265625
0;18600;AMETHYSTS;9996;1;9995;21;;;10004;1;10005;21;;;10000.0;48.0
0;18600;STARFRUIT;5028;22;;;;;5029;9;5035;22;;;5028.5;36.4296875
0;18700;STARFRUIT;5028;30;;;;;5035;30;;;;;5031.5;38.671875
0;18700;AMETHYSTS;10002;1;9995;30;;;10005;30;;;;;10003.5;48.0
0;18800;AMETHYSTS;9995;24;;;;;10002;7;10005;24;;;9998.5;50.0
0;18800;STARFRUIT;5028;24;;;;;5035;24;;;;;5031.5;36.888671875
0;18900;AMETHYSTS;10002;1;9995;25;;;10005;25;;;;;10003.5;36.0
0;18900;STARFRUIT;5030;7;5029;25;;;5036;25;;;;;5033.0;41.576171875
0;19000;AMETHYSTS;9996;1;9995;30;;;10004;1;10005;30;;;10000.0;38.0
0;19000;STARFRUIT;5029;31;;;;;5036;31;;;;;5032.5;43.251953125
0;19100;STARFRUIT;5030;2;5029;21;;;5036;23;;;;;5033.0;45.61328125
0;19100;AMETHYSTS;9996;2;9995;21;;;10004;2;10005;21;;;10000.0;38.0
0;19200;AMETHYSTS;9995;26;;;;;10002;1;10005;26;;;9998.5;38.0
0;19200;STARFRUIT;5030;26;;;;;5037;26;;;;;5033.5;47.75
0;19300;AMETHYSTS;9996;2;9995;23;;;9998;6;10004;2;10005;23;9997.0;38.0
0;19300;STARFRUIT;5032;2;5031;23;;;5038;25;;;;;5035.0;56.875
0;19400;AMETHYSTS;9996;2;9995;24;;;10002;5;10004;2;10005;24;9999.0;38.0
0;19400;STARFRUIT;5032;26;;;;;5038;2;5039;24;;;5035.0;58.66796875
0;19500;STARFRUIT;5031;23;;;;;5038;23;;;;;5034.5;57.115234375
0;19500;AMETHYSTS;9995;23;;;;;10005;23;;;;;10000.0;38.0
0;19600;AMETHYSTS;10002;1;9998;5;9996;1;10004;1;10005;26;;;10003.0;38.0
0;19600;STARFRUIT;5032;27;;;;;5038;1;5039;26;;;5035.0;58.7734375
0;19700;AMETHYSTS;9996;2;9995;29;;;10004;2;10005;29;;;10000.0;40.0
0;19700;STARFRUIT;5032;31;;;;;5039;31;;;;;5035.5;62.25390625
0;19800;AMETHYSTS;9996;2;9995;26;;;10004;2;10005;26;;;10000.0;40.0
0;19800;STARFRUIT;5033;2;5032;26;;;5039;28;;;;;5036.0;63.5859375
0;19900;STARFRUIT;5033;1;5032;22;;;5039;23;;;;;5036.0;63.328125
0;19900;AMETHYSTS;9996;1;9995;22;;;9998;1;10004;1;10005;22;9997.0;40.0
0;20000;AMETHYSTS;9995;26;;;;;9998;1;10005;26;;;9996.5;44.0
0;20000;STARFRUIT;5032;26;;;;;5037;4;5039;26;;;5034.5;62.4296875
0;20100;AMETHYSTS;9996;1;9995;29;;;9998;4;10004;1;10005;29;9997.0;44.0
0;20100;STARFRUIT;5033;30;;;;;5038;4;5039;1;5040;29;5035.5;65.02734375
0;20200;AMETHYSTS;10002;1;9995;20;;;10005;20;;;;;10003.5;44.0
0;20200;STARFRUIT;5032;20;;;;;5039;20;;;;;5035.5;62.376953125
0;20300;STARFRUIT;5032;24;;;;;5039;24;;;;;5035.5;63.51953125
0;20300;AMETHYSTS;10002;4;9995;24;;;10005;24;;;;;10003.5;46.0
0;20400;AMETHYSTS;10002;2;9996;1;9995;27;10004;1;10005;27;;;10003.0;46.0
0;20400;STARFRUIT;5032;28;;;;;5033;3;5039;28;;;5032.5;60.02734375
0;20500;AMETHYSTS;9998;7;9996;1;9995;25;10004;1;10005;25;;;10001.0;46.0
0;20500;STARFRUIT;5032;26;;;;;5033;8;5039;26;;;5032.5;69.3984375
0;20600;AMETHYSTS;9996;1;9995;24;;;9998;4;10002;5;10004;1;9997.0;46.0
0;20600;STARFRUIT;5033;25;;;;;5040;25;;;;;5036.5;75.67578125
0;20700;STARFRUIT;5038;2;5034;3;5033;30;5041;30;;;;;5039.5;81.890625
0;20700;AMETHYSTS;9995;30;;;;;10005;30;;;;;10000.0;54.0
0;20800;AMETHYSTS;9996;2;9995;24;;;10004;2;10005;24;;;10000.0;54.0
0;20800;STARFRUIT;5034;26;;;;;5040;2;5041;24;;;5037.0;84.78125
0;20900;AMETHYSTS;9996;2;9995;29;;;10004;2;10005;29;;;10000.0;54.0
0;20900;STARFRUIT;5034;31;;;;;5035;1;5041;31;;;5034.5;87.77734375
0;21000;STARFRUIT;5034;26;;;;;5041;26;;;;;5037.5;90.921875
0;21000;AMETHYSTS;9996;1;9995;25;;;10004;1;10005;25;;;10000.0;54.0
0;21100;STARFRUIT;5034;28;;;;;5037;2;5041;28;;;5035.5;88.703125
0;21100;AMETHYSTS;9995;28;;;;;10000;2;10005;28;;;9997.5;54.0
0;21200;STARFRUIT;5040;1;5034;29;;;5041;29;;;;;5040.5;93.30078125
0;21200;AMETHYSTS;9995;29;;;;;9998;1;10005;29;;;9996.5;54.0
0;21300;AMETHYSTS;9995;22;;;;;10005;22;;;;;10000.0;54.0
0;21300;STARFRUIT;5034;22;;;;;5040;2;5042;22;;;5037.0;98.18359375
0;21400;STARFRUIT;5035;1;5034;29;;;5041;30;;;;;5038.0;86.609375
0;21400;AMETHYSTS;9996;1;9995;29;;;10004;1;10005;29;;;10000.0;54.0
0;21500;STARFRUIT;5034;28;;;;;5035;5;5041;30;;;5034.5;86.765625
0;21500;AMETHYSTS;9996;2;9995;28;;;10004;2;10005;28;;;10000.0;54.0
0;21600;STARFRUIT;5035;22;;;;;5042;22;;;;;5038.5;91.9921875
0;21600;AMETHYSTS;9998;5;9996;2;9995;20;10004;2;10005;20;;;10001.0;54.0
0;21700;AMETHYSTS;9996;2;9995;25;;;10004;2;10005;25;;;10000.0;54.0
0;21700;STARFRUIT;5035;6;5034;25;;;5041;2;5042;25;;;5038.0;87.9140625
0;21800;STARFRUIT;5035;26;;;;;5042;26;;;;;5038.5;96.953125
0;21800;AMETHYSTS;9996;1;9995;25;;;10004;1;10005;25;;;10000.0;54.0
0;21900;STARFRUIT;5035;27;;;;;5042;27;;;;;5038.5;96.390625
0;21900;AMETHYSTS;9995;27;;;;;10002;3;10005;27;;;9998.5;54.0
0;22000;STARFRUIT;5035;22;;;;;5042;22;;;;;5038.5;97.265625
0;22000;AMETHYSTS;9996;2;9995;20;;;10004;2;10005;20;;;10000.0;54.0
0;22100;AMETHYSTS;9995;22;;;;;10005;22;;;;;10000.0;54.0
0;22100;STARFRUIT;5035;22;;;;;5040;4;5042;22;;;5037.5;93.578125
0;22200;STARFRUIT;5036;3;5035;23;;;5042;23;;;;;5039.0;100.4765625
0;22200;AMETHYSTS;10002;1;9995;23;;;10005;23;;;;;10003.5;54.0
0;22300;STARFRUIT;5036;30;;;;;5043;30;;;;;5039.5;106.890625
0;22300;AMETHYSTS;9996;2;9995;28;;;10004;2;10005;28;;;10000.0;56.0
0;22400;STARFRUIT;5036;24;;;;;5043;24;;;;;5039.5;111.6171875
0;22400;AMETHYSTS;9996;1;9995;23;;;10002;2;10004;1;10005;23;9999.0;56.0
0;22500;AMETHYSTS;9998;2;9995;27;;;10005;27;;;;;10001.5;56.0
0;22500;STARFRUIT;5041;1;5036;27;;;5043;27;;;;;5042.0;103.859375
0;22600;STARFRUIT;5042;1;5041;4;5037;4;5043;26;;;;;5042.5;112.4921875
0;22600;AMETHYSTS;9998;5;9996;1;9995;25;10004;1;10005;25;;;10001.0;56.0
0;22700;STARFRUIT;5036;26;;;;;5042;1;5043;25;;;5039.0;105.359375
0;22700;AMETHYSTS;9996;1;9995;25;;;10002;9;10004;1;10005;25;9999.0;56.0
0;22800;STARFRUIT;5036;27;;;;;5043;27;;;;;5039.5;105.328125
0;22800;AMETHYSTS;10002;1;9996;1;9995;26;10004;1;10005;26;;;10003.0;56.0
0;22900;AMETHYSTS;10002;2;9996;1;9995;22;10004;1;10005;22;;;10003.0;58.0
0;22900;STARFRUIT;5036;23;;;;;5037;1;5041;4;5043;23;5036.5;109.9375
0;23000;STARFRUIT;5042;1;5037;1;5036;20;5043;21;;;;;5042.5;114.765625
0;23000;AMETHYSTS;9996;1;9995;20;;;10002;2;10004;1;10005;20;9999.0;58.0
0;23100;STARFRUIT;5038;7;5037;28;;;5043;2;5044;26;;;5040.5;122.9453125
0;23100;AMETHYSTS;9996;2;9995;26;;;10004;2;10005;26;;;10000.0;48.0
0;23200;AMETHYSTS;9996;1;9995;24;;;10002;4;10004;1;10005;24;9999.0;48.0
0;23200;STARFRUIT;5037;2;5036;24;;;5043;25;;;;;5040.0;118.53125
0;23300;AMETHYSTS;9996;2;9995;21;;;10004;2;10005;21;;;10000.0;48.0
0;23300;STARFRUIT;5037;2;5036;21;;;5043;2;5044;21;;;5040.0;119.703125
0;23400;STARFRUIT;5037;1;5036;29;;;5043;1;5044;29;;;5040.0;119.9375
0;23400;AMETHYSTS;9996;1;9995;29;;;10004;1;10005;29;;;10000.0;48.0
0;23500;AMETHYSTS;9996;1;9995;30;;;10004;1;10005;30;;;10000.0;48.0
0;23500;STARFRUIT;5038;3;5037;31;;;5044;31;;;;;5041.0;131.2890625
0;23600;AMETHYSTS;9996;2;9995;25;;;10004;2;10005;25;;;10000.0;48.0
0;23600;STARFRUIT;5037;1;5036;25;;;5043;27;;;;;5040.0;125.171875
0;23700;AMETHYSTS;9996;1;9995;20;;;10004;1;10005;20;;;10000.0;48.0
0;23700;STARFRUIT;5042;1;5037;21;;;5043;1;5044;20;;;5042.5;126.5390625
0;23800;STARFRUIT;5037;22;;;;;5044;22;;;;;5040.5;128.765625
0;23800;AMETHYSTS;9995;22;;;;;10005;22;;;;;10000.0;48.0
0;23900;AMETHYSTS;9995;27;;;;;10005;27;;;;;10000.0;48.0
0;23900;STARFRUIT;5037;27;;;;;5044;27;;;;;5040.5;128.9375
0;24000;AMETHYSTS;9995;29;;;;;10005;29;;;;;10000.0;48.0
0;24000;STARFRUIT;5038;6;5037;29;;;5044;29;;;;;5041.0;139.28125
0;24100;AMETHYSTS;9996;2;9995;20;;;10004;2;10005;20;;;10000.0;48.0
0;24100;STARFRUIT;5037;22;;;;;5044;22;;;;;5040.5;138.203125
0;24200;STARFRUIT;5038;24;;;;;5043;8;5044;1;5045;23;5040.5;145.1484375
0;24200;AMETHYSTS;9996;1;9995;23;;;10002;7;10004;1;10005;23;9999.0;48.0
0;24300;AMETHYSTS;10002;1;9995;27;;;10005;27;;;;;10003.5;48.0
0;24300;STARFRUIT;5038;26;;;;;5043;5;5045;27;;;5040.5;144.1640625
0;24400;AMETHYSTS;9996;1;9995;28;;;10004;1;10005;28;;;10000.0;50.0
0;24400;STARFRUIT;5038;9;5037;28;;;5044;29;;;;;5041.0;140.4453125
0;24500;AMETHYSTS;9996;2;9995;24;;;10002;10;10004;2;10005;24;9999.0;50.0
0;24500;STARFRUIT;5037;26;;;;;5044;26;;;;;5040.5;133.484375
0;24600;STARFRUIT;5038;2;5037;22;;;5044;24;;;;;5041.0;140.25
0;24600;AMETHYSTS;9996;2;9995;22;;;10002;10;10004;2;10005;22;9999.0;50.0
0;24700;AMETHYSTS;9996;2;9995;20;;;10004;2;10005;20;;;10000.0;50.0
0;24700;STARFRUIT;5037;22;;;;;5044;22;;;;;5040.5;136.1015625
0;24800;AMETHYSTS;9995;28;;;;;10005;28;;;;;10000.0;50.0
0;24800;STARFRUIT;5037;28;;;;;5044;28;;;;;5040.5;136.0859375
0;24900;AMETHYSTS;9998;7;9995;24;;;10005;24;;;;;10001.5;50.0
0;24900;STARFRUIT;5037;24;;;;;5044;24;;;;;5040.5;133.09375
0;25000;STARFRUIT;5037;28;;;;;5043;1;5044;27;;;5040.0;129.953125
0;25000;AMETHYSTS;10002;1;9996;1;9995;27;10004;1;10005;27;;;10003.0;50.0
0;25100;AMETHYSTS;9998;8;9996;1;9995;26;10004;1;10005;26;;;10001.0;52.0
0;25100;STARFRUIT;5036;27;;;;;5043;27;;;;;5039.5;124.453125
0;25200;AMETHYSTS;9996;2;9995;24;;;10000;4;10004;2;10005;24;9998.0;52.0
0;25200;STARFRUIT;5037;6;5036;26;;;5039;4;5043;26;;;5038.0;124.0859375
0;25300;STARFRUIT;5036;22;;;;;5042;1;5043;21;;;5039.0;114.7265625
0;25300;AMETHYSTS;9998;9;9996;1;9995;21;10004;1;10005;21;;;10001.0;52.0
0;25400;AMETHYSTS;10002;3;9996;2;9995;27;10004;2;10005;27;;;10003.0;52.0
0;25400;STARFRUIT;5035;29;;;;;5042;29;;;;;5038.5;109.4453125
0;25500;AMETHYSTS;9996;1;9995;23;;;10004;1;10005;23;;;10000.0;58.0
0;25500;STARFRUIT;5036;1;5035;23;;;5040;6;5042;24;;;5038.0;111.5
0;25600;AMETHYSTS;9995;24;;;;;10005;24;;;;;10000.0;58.0
0;25600;STARFRUIT;5035;24;;;;;5040;6;5042;24;;;5037.5;105.8828125
0;25700;STARFRUIT;5036;1;5035;24;;;5042;1;5043;24;;;5039.0;113.203125
0;25700;AMETHYSTS;9996;1;9995;24;;;10004;1;10005;24;;;10000.0;58.0
0;25800;AMETHYSTS;10002;1;9996;2;9995;27;10004;2;10005;27;;;10003.0;58.0
0;25800;STARFRUIT;5037;29;;;;;5043;2;5044;27;;;5040.0;128.390625
0;25900;AMETHYSTS;9996;2;9995;27;;;10004;2;10005;27;;;10000.0;60.0
0;25900;STARFRUIT;5037;29;;;;;5044;29;;;;;5040.5;133.640625
0;26000;AMETHYSTS;9995;27;;;;;10005;27;;;;;10000.0;60.0
0;26000;STARFRUIT;5042;1;5037;27;;;5044;27;;;;;5043.0;131.0546875
0;26100;STARFRUIT;5042;1;5038;2;5037;25;5043;1;5044;24;;;5042.5;131.71875
0;26100;AMETHYSTS;10002;1;9998;3;9996;1;10004;1;10005;24;;;10003.0;60.0
0;26200;AMETHYSTS;10002;1;9996;2;9995;27;10004;2;10005;27;;;10003.0;62.0
0;26200;STARFRUIT;5037;29;;;;;5043;2;5044;27;;;5040.0;131.46875
0;26300;AMETHYSTS;9996;1;9995;25;;;10002;1;10004;1;10005;25;9999.0;58.0
0;26300;STARFRUIT;5037;26;;;;;5038;1;5044;26;;;5037.5;139.8671875
0;26400;AMETHYSTS;9995;27;;;;;10005;27;;;;;10000.0;56.0
0;26400;STARFRUIT;5037;27;;;;;5044;27;;;;;5040.5;146.3828125
0;26500;STARFRUIT;5038;22;;;;;5044;1;5045;21;;;5041.0;150.2109375
0;26500;AMETHYSTS;9996;1;9995;21;;;10004;1;10005;21;;;10000.0;56.0
0;26600;AMETHYSTS;9996;2;9995;29;;;9998;4;10004;2;10005;29;9997.0;56.0
0;26600;STARFRUIT;5037;31;;;;;5044;31;;;;;5040.5;140.53125
0;26700;AMETHYSTS;9995;26;;;;;10005;26;;;;;10000.0;56.0
0;26700;STARFRUIT;5042;1;5038;8;5037;26;5044;26;;;;;5043.0;138.734375
0;26800;AMETHYSTS;10002;1;9998;7;9995;20;10005;20;;;;;10003.5;56.0
0;26800;STARFRUIT;5037;20;;;;;5044;20;;;;;5040.5;142.328125
0;26900;STARFRUIT;5037;22;;;;;5044;22;;;;;5040.5;143.609375
0;26900;AMETHYSTS;9995;22;;;;;10005;22;;;;;10000.0;58.0
0;27000;AMETHYSTS;9998;2;9996;1;9995;26;10004;1;10005;26;;;10001.0;58.0
0;27000;STARFRUIT;5037;27;;;;;5042;6;5044;27;;;5039.5;138.7578125
0;27100;AMETHYSTS;9996;2;9995;27;;;9998;1;10002;10;10004;2;9997.0;58.0
0;27100;STARFRUIT;5043;1;5037;29;;;5044;29;;;;;5043.5;143.125
0;27200;AMETHYSTS;9998;3;9996;2;9995;23;10004;2;10005;23;;;10001.0;60.0
0;27200;STARFRUIT;5042;1;5038;7;5037;25;5043;2;5044;23;;;5042.5;139.8671875
0;27300;STARFRUIT;5037;25;;;;;5038;1;5044;25;;;5037.5;138.59375
0;27300;AMETHYSTS;9995;25;;;;;10002;8;10005;25;;;9998.5;44.0
0;27400;AMETHYSTS;9996;1;9995;22;;;9998;3;10004;1;10005;22;9997.0;44.0
0;27400;STARFRUIT;5041;6;5039;1;5038;22;5045;23;;;;;5043.0;157.703125
0;27500;AMETHYSTS;9995;30;;;;;10005;30;;;;;10000.0;50.0
0;27500;STARFRUIT;5038;30;;;;;5045;30;;;;;5041.5;145.40234375
0;27600;AMETHYSTS;9996;2;9995;26;;;10002;4;10004;2;10005;26;9999.0;50.0
0;27600;STARFRUIT;5043;1;5039;6;5038;28;5045;28;;;;;5044.0;144.568359375
0;27700;STARFRUIT;5038;32;;;;;5045;32;;;;;5041.5;146.453125
0;27700;AMETHYSTS;9996;2;9995;30;;;10004;2;10005;30;;;10000.0;50.0
0;27800;AMETHYSTS;9998;2;9996;2;9995;20;10004;2;10005;20;;;10001.0;50.0
0;27800;STARFRUIT;5039;5;5038;22;;;5044;2;5045;20;;;5041.5;145.14453125
0;27900;AMETHYSTS;9995;29;;;;;10005;29;;;;;10000.0;50.0
0;27900;STARFRUIT;5038;29;;;;;5043;8;5045;29;;;5040.5;146.94140625
0;28000;AMETHYSTS;9995;22;;;;;10005;22;;;;;10000.0;50.0
0;28000;STARFRUIT;5039;4;5038;22;;;5045;22;;;;;5042.0;146.376953125
0;28100;STARFRUIT;5039;21;;;;;5046;21;;;;;5042.5;149.1328125
0;28100;AMETHYSTS;9996;1;9995;20;;;10004;1;10005;20;;;10000.0;50.0
0;28200;AMETHYSTS;9995;23;;;;;10005;23;;;;;10000.0;58.0
0;28200;STARFRUIT;5039;23;;;;;5046;23;;;;;5042.5;148.9345703125
0;28300;AMETHYSTS;9996;2;9995;28;;;10004;2;10005;28;;;10000.0;58.0
0;28300;STARFRUIT;5039;30;;;;;5045;2;5046;28;;;5042.0;148.41796875
0;28400;AMETHYSTS;9995;20;;;;;10002;8;10005;20;;;9998.5;58.0
0;28400;STARFRUIT;5039;20;;;;;5046;20;;;;;5042.5;148.81640625
0;28500;STARFRUIT;5039;5;5038;28;;;5045;30;;;;;5042.0;147.603515625
0;28500;AMETHYSTS;9996;2;9995;28;;;10004;2;10005;28;;;10000.0;58.0
0;28600;AMETHYSTS;9996;2;9995;26;;;10000;5;10002;5;10004;2;9998.0;58.0
0;28600;STARFRUIT;5039;27;;;;;5042;5;5045;2;5046;26;5040.5;148.337890625
0;28700;AMETHYSTS;9998;8;9996;2;9995;22;10004;2;10005;22;;;10001.0;58.0
0;28700;STARFRUIT;5039;23;;;;;5045;2;5046;22;;;5042.0;148.3662109375
0;28800;AMETHYSTS;9995;21;;;;;10002;8;10005;21;;;9998.5;58.0
0;28800;STARFRUIT;5038;21;;;;;5046;21;;;;;5042.0;147.9560546875
0;28900;STARFRUIT;5040;1;5039;23;;;5045;1;5046;22;;;5042.5;148.51171875
0;28900;AMETHYSTS;9996;1;9995;22;;;10002;5;10004;1;10005;22;9999.0;58.0
0;29000;AMETHYSTS;10002;1;9996;2;9995;24;10004;2;10005;24;;;10003.0;58.0
0;29000;STARFRUIT;5039;26;;;;;5045;2;5046;24;;;5042.0;148.5888671875
0;29100;AMETHYSTS;9995;23;;;;;10002;2;10005;23;;;9998.5;60.0
0;29100;STARFRUIT;5039;23;;;;;5046;23;;;;;5042.5;148.4365234375
0;29200;AMETHYSTS;9996;1;9995;22;;;10004;1;10005;22;;;10000.0;50.0
0;29200;STARFRUIT;5040;1;5039;22;;;5046;23;;;;;5043.0;150.619140625
0;29300;STARFRUIT;5040;23;;;;;5046;1;5047;22;;;5043.0;151.470703125
0;29300;AMETHYSTS;9996;1;9995;22;;;10004;1;10005;22;;;10000.0;50.0
0;29400;AMETHYSTS;9996;2;9995;23;;;10002;4;10004;2;10005;23;9999.0;50.0
0;29400;STARFRUIT;5039;25;;;;;5046;25;;;;;5042.5;149.8837890625
0;29500;AMETHYSTS;9998;6;9995;20;;;10005;20;;;;;10001.5;50.0
0;29500;STARFRUIT;5039;20;;;;;5040;1;5046;20;;;5039.5;150.59765625
0;29600;AMETHYSTS;9996;1;9995;26;;;10000;4;10004;1;10005;26;9998.0;50.0
0;29600;STARFRUIT;5040;1;5039;26;;;5042;4;5046;27;;;5041.0;153.251953125
0;29700;STARFRUIT;5040;23;;;;;5045;8;5046;1;5047;22;5042.5;148.056640625
0;29700;AMETHYSTS;9996;1;9995;22;;;10002;7;10004;1;10005;22;9999.0;50.0
0;29800;STARFRUIT;5045;1;5040;4;5039;25;5047;25;;;;;5046.0;147.9892578125
0;29800;AMETHYSTS;9995;25;;;;;10005;25;;;;;10000.0;50.0
0;29900;AMETHYSTS;9996;2;9995;30;;;10004;2;10005;30;;;10000.0;50.0
0;29900;STARFRUIT;5040;32;;;;;5047;32;;;;;5043.5;150.59228515625
0;30000;STARFRUIT;5041;6;5040;23;;;5047;25;;;;;5044.0;150.81884765625
0;30000;AMETHYSTS;9998;10;9996;2;9995;23;10004;2;10005;23;;;10001.0;50.0
0;30100;STARFRUIT;5041;1;5040;20;;;5047;21;;;;;5044.0;150.8291015625
0;30100;AMETHYSTS;9996;1;9995;20;;;10004;1;10005;20;;;10000.0;50.0
0;30200;STARFRUIT;5041;30;;;;;5048;30;;;;;5044.5;151.2607421875
0;30200;AMETHYSTS;9996;2;9995;28;;;9998;1;10002;8;10004;2;9997.0;50.0
0;30300;AMETHYSTS;10002;4;9996;2;9995;29;10004;2;10005;29;;;10003.0;52.0
0;30300;STARFRUIT;5041;31;;;;;5046;1;5047;2;5048;29;5043.5;151.07958984375
0;30400;STARFRUIT;5045;2;5040;30;;;5047;30;;;;;5046.0;150.529296875
0;30400;AMETHYSTS;9995;30;;;;;10005;30;;;;;10000.0;60.0
0;30500;STARFRUIT;5040;7;5039;28;;;5046;30;;;;;5043.0;154.08984375
0;30500;AMETHYSTS;9996;2;9995;28;;;10004;2;10005;28;;;10000.0;60.0
0;30600;STARFRUIT;5040;32;;;;;5045;7;5046;2;5047;30;5042.5;153.921875
0;30600;AMETHYSTS;10002;1;9996;2;9995;30;10004;2;10005;30;;;10003.0;60.0
0;30700;AMETHYSTS;9996;2;9995;27;;;10004;2;10005;27;;;10000.0;62.0
0;30700;STARFRUIT;5039;29;;;;;5046;29;;;;;5042.5;154.30810546875
0;30800;STARFRUIT;5039;2;5038;29;;;5045;31;;;;;5042.0;155.044921875
0;30800;AMETHYSTS;9998;8;9996;2;9995;29;10004;2;10005;29;;;10001.0;62.0
0;30900;STARFRUIT;5038;21;;;;;5043;7;5045;21;;;5040.5;155.109375
0;30900;AMETHYSTS;9995;21;;;;;10005;21;;;;;10000.0;62.0
0;31000;STARFRUIT;5043;1;5042;5;5038;28;5045;28;;;;;5044.0;155.65673828125
0;31000;AMETHYSTS;9996;2;9995;26;;;10002;2;10004;2;10005;26;9999.0;62.0
0;31100;AMETHYSTS;10002;1;9995;23;;;10005;23;;;;;10003.5;62.0
0;31100;STARFRUIT;5038;23;;;;;5039;9;5045;23;;;5038.5;158.7373046875
0;31200;STARFRUIT;5037;21;;;;;5042;8;5044;22;;;5039.5;177.30859375
0;31200;AMETHYSTS;9996;1;9995;21;;;10002;6;10004;1;10005;21;9999.0;64.0
0;31300;STARFRUIT;5038;22;;;;;5044;2;5045;20;;;5041.0;178.55078125
0;31300;AMETHYSTS;9996;2;9995;20;;;10004;2;10005;20;;;10000.0;64.0
0;31400;STARFRUIT;5038;22;;;;;5045;22;;;;;5041.5;180.37890625
0;31400;AMETHYSTS;9995;22;;;;;10005;22;;;;;10000.0;64.0
0;31500;AMETHYSTS;9996;1;9995;21;;;10004;1;10005;21;;;10000.0;64.0
0;31500;STARFRUIT;5038;22;;;;;5045;22;;;;;5041.5;180.537109375
0;31600;STARFRUIT;5039;24;;;;;5046;24;;;;;5042.5;185.646484375
0;31600;AMETHYSTS;9995;24;;;;;9998;3;10005;24;;;9996.5;64.0
0;31700;STARFRUIT;5038;29;;;;;5045;29;;;;;5041.5;182.763671875
0;31700;AMETHYSTS;9995;29;;;;;10002;3;10005;29;;;9998.5;70.0
0;31800;STARFRUIT;5043;2;5038;24;;;5045;24;;;;;5044.0;181.19921875
0;31800;AMETHYSTS;9996;2;9995;22;;;10002;2;10004;2;10005;22;9999.0;70.0
0;31900;AMETHYSTS;9996;2;9995;26;;;10004;2;10005;26;;;10000.0;70.0
0;31900;STARFRUIT;5039;6;5038;28;;;5045;28;;;;;5042.0;184.462890625
0;32000;STARFRUIT;5038;22;;;;;5045;22;;;;;5041.5;183.33984375
0;32000;AMETHYSTS;9996;2;9995;20;;;10002;10;10004;2;10005;20;9999.0;70.0
0;32100;AMETHYSTS;9998;9;9995;25;;;10005;25;;;;;10001.5;70.0
0;32100;STARFRUIT;5037;25;;;;;5044;25;;;;;5040.5;181.115234375
0;32200;AMETHYSTS;9996;1;9995;24;;;10002;5;10004;1;10005;24;9999.0;70.0
0;32200;STARFRUIT;5037;25;;;;;5044;25;;;;;5040.5;180.416015625
0;32300;AMETHYSTS;10000;3;9996;2;9995;30;10004;2;10005;30;;;10002.0;70.0
0;32300;STARFRUIT;5040;3;5038;2;5037;30;5044;32;;;;;5042.0;181.505859375
0;32400;STARFRUIT;5037;29;;;;;5044;29;;;;;5040.5;180.265625
0;32400;AMETHYSTS;9998;2;9995;29;;;10005;29;;;;;10001.5;70.0
0;32500;AMETHYSTS;10002;1;9996;2;9995;24;10004;2;10005;24;;;10003.0;70.0
0;32500;STARFRUIT;5038;1;5037;26;;;5043;2;5044;24;;;5040.5;178.16796875
0;32600;AMETHYSTS;9998;1;9996;2;9995;26;10004;2;10005;26;;;10001.0;72.0
0;32600;STARFRUIT;5037;28;;;;;5044;28;;;;;5040.5;192.54736328125
0;32700;AMETHYSTS;9996;2;9995;30;;;10004;2;10005;30;;;10000.0;72.0
0;32700;STARFRUIT;5038;32;;;;;5044;2;5045;30;;;5041.0;191.86376953125
0;32800;STARFRUIT;5038;29;;;;;5045;29;;;;;5041.5;191.74169921875
0;32800;AMETHYSTS;9995;29;;;;;10005;29;;;;;10000.0;72.0
0;32900;AMETHYSTS;9996;1;9995;20;;;10002;10;10004;1;10005;20;9999.0;72.0
0;32900;STARFRUIT;5038;1;5037;20;;;5044;21;;;;;5041.0;192.19921875
0;33000;AMETHYSTS;9998;2;9995;28;;;10005;28;;;;;10001.5;72.0
0;33000;STARFRUIT;5037;28;;;;;5042;4;5044;28;;;5039.5;192.048828125
0;33100;AMETHYSTS;9996;1;9995;25;;;10004;1;10005;25;;;10000.0;72.0
0;33100;STARFRUIT;5037;26;;;;;5044;26;;;;;5040.5;192.25927734375
0;33200;STARFRUIT;5038;24;;;;;5043;5;5044;1;5045;23;5040.5;191.80517578125
0;33200;AMETHYSTS;9996;1;9995;23;;;10004;1;10005;23;;;10000.0;72.0
0;33300;AMETHYSTS;9996;1;9995;30;;;10002;1;10004;1;10005;30;9999.0;72.0
0;33300;STARFRUIT;5038;31;;;;;5045;31;;;;;5041.5;191.60693359375
0;33400;AMETHYSTS;9995;20;;;;;10005;20;;;;;10000.0;72.0
0;33400;STARFRUIT;5037;20;;;;;5042;2;5044;20;;;5039.5;192.12353515625
0;33500;AMETHYSTS;9996;2;9995;21;;;10002;4;10004;2;10005;21;9999.0;72.0
0;33500;STARFRUIT;5038;2;5037;21;;;5044;23;;;;;5041.0;192.09228515625
0;33600;STARFRUIT;5037;27;;;;;5044;27;;;;;5040.5;192.85791015625
0;33600;AMETHYSTS;9995;27;;;;;9998;2;10005;27;;;9996.5;72.0
0;33700;AMETHYSTS;9996;1;9995;25;;;10004;1;10005;25;;;10000.0;76.0
0;33700;STARFRUIT;5037;1;5036;25;;;5041;6;5043;26;;;5039.0;193.201171875
0;33800;AMETHYSTS;9995;21;;;;;10002;4;10005;21;;;9998.5;76.0
0;33800;STARFRUIT;5036;21;;;;;5043;21;;;;;5039.5;193.6845703125
0;33900;AMETHYSTS;9996;1;9995;27;;;10004;1;10005;27;;;10000.0;76.0
0;33900;STARFRUIT;5035;28;;;;;5042;28;;;;;5038.5;194.26123046875
0;34000;STARFRUIT;5041;1;5036;2;5035;28;5042;30;;;;;5041.5;194.0947265625
0;34000;AMETHYSTS;9996;2;9995;28;;;10004;2;10005;28;;;10000.0;84.0
0;34100;AMETHYSTS;9996;2;9995;25;;;10004;2;10005;25;;;10000.0;84.0
0;34100;STARFRUIT;5036;2;5035;25;;;5042;27;;;;;5039.0;196.3984375
0;34200;AMETHYSTS;9996;2;9995;30;;;10002;2;10004;2;10005;30;9999.0;84.0
0;34200;STARFRUIT;5036;32;;;;;5043;32;;;;;5039.5;194.482421875
0;34300;STARFRUIT;5036;28;;;;;5043;29;;;;;5039.5;195.1044921875
0;34300;AMETHYSTS;9996;1;9995;28;;;10004;1;10005;28;;;10000.0;84.0
0;34400;AMETHYSTS;9996;2;9995;28;;;10004;2;10005;28;;;10000.0;84.0
0;34400;STARFRUIT;5036;30;;;;;5043;30;;;;;5039.5;194.7861328125
0;34500;AMETHYSTS;9996;2;9995;22;;;10004;2;10005;22;;;10000.0;84.0
0;34500;STARFRUIT;5037;24;;;;;5044;24;;;;;5040.5;193.208984375
0;34600;AMETHYSTS;9995;24;;;;;10005;24;;;;;10000.0;84.0
0;34600;STARFRUIT;5037;24;;;;;5044;24;;;;;5040.5;193.93359375
0;34700;STARFRUIT;5037;7;5036;25;;;5043;25;;;;;5040.0;194.7314453125
0;34700;AMETHYSTS;9996;2;9995;23;;;10004;2;10005;23;;;10000.0;84.0
0;34800;AMETHYSTS;9998;3;9996;2;9995;22;10004;2;10005;22;;;10001.0;84.0
0;34800;STARFRUIT;5036;22;;;;;5037;8;5043;24;;;5036.5;194.3671875
0;34900;AMETHYSTS;9995;24;;;;;10005;24;;;;;10000.0;84.0
0;34900;STARFRUIT;5037;24;;;;;5044;24;;;;;5040.5;220.3046875
0;35000;AMETHYSTS;9995;29;;;;;10005;29;;;;;10000.0;84.0
0;35000;STARFRUIT;5037;29;;;;;5044;29;;;;;5040.5;220.4140625
0;35100;STARFRUIT;5037;23;;;;;5044;23;;;;;5040.5;219.67578125
0;35100;AMETHYSTS;9996;2;9995;21;;;10004;2;10005;21;;;10000.0;84.0
0;35200;AMETHYSTS;9995;24;;;;;10005;24;;;;;10000.0;84.0
0;35200;STARFRUIT;5037;24;;;;;5042;3;5044;24;;;5039.5;221.0234375
0;35300;AMETHYSTS;9998;8;9996;1;9995;22;10004;1;10005;22;;;10001.0;84.0
0;35300;STARFRUIT;5038;8;5037;23;;;5044;23;;;;;5041.0;220.20703125
0;35400;AMETHYSTS;10002;1;9996;2;9995;25;10004;2;10005;25;;;10003.0;84.0
0;35400;STARFRUIT;5037;27;;;;;5044;27;;;;;5040.5;222.54296875
0;35500;STARFRUIT;5037;29;;;;;5044;29;;;;;5040.5;220.13671875
0;35500;AMETHYSTS;9996;2;9995;27;;;10004;2;10005;27;;;10000.0;86.0
0;35600;AMETHYSTS;9996;1;9995;23;;;10002;3;10004;1;10005;23;9999.0;86.0
0;35600;STARFRUIT;5038;1;5037;23;;;5044;24;;;;;5041.0;222.939453125
0;35700;AMETHYSTS;9996;2;9995;29;;;10002;9;10004;2;10005;29;9999.0;86.0
0;35700;STARFRUIT;5037;31;;;;;5044;31;;;;;5040.5;222.55078125
0;35800;AMETHYSTS;9996;2;9995;21;;;10004;2;10005;21;;;10000.0;86.0
0;35800;STARFRUIT;5037;8;5036;21;;;5043;2;5044;21;;;5040.0;218.00390625
0;35900;STARFRUIT;5036;30;;;;;5043;30;;;;;5039.5;214.0234375
0;35900;AMETHYSTS;9996;2;9995;28;;;10004;2;10005;28;;;10000.0;86.0
0;36000;AMETHYSTS;9995;30;;;;;10000;2;10002;9;10005;30;9997.5;86.0
0;36000;STARFRUIT;5036;30;;;;;5039;2;5041;2;5043;30;5037.5;214.009765625
0;36100;AMETHYSTS;9998;7;9996;2;9995;21;10004;2;10005;21;;;10001.0;86.0
0;36100;STARFRUIT;5036;23;;;;;5041;6;5043;23;;;5038.5;215.4765625
0;36200;AMETHYSTS;9998;5;9996;1;9995;29;10004;1;10005;29;;;10001.0;72.0
0;36200;STARFRUIT;5036;1;5035;29;;;5042;30;;;;;5039.0;210.72265625
0;36300;STARFRUIT;5035;31;;;;;5042;31;;;;;5038.5;210.03125
0;36300;AMETHYSTS;9996;1;9995;30;;;10004;1;10005;30;;;10000.0;72.0
0;36400;AMETHYSTS;9996;1;9995;28;;;10002;8;10004;1;10005;28;9999.0;72.0
0;36400;STARFRUIT;5036;2;5035;28;;;5042;29;;;;;5039.0;210.8671875
0;36500;AMETHYSTS;9996;2;9995;27;;;10004;2;10005;27;;;10000.0;72.0
0;36500;STARFRUIT;5035;28;;;;;5042;29;;;;;5038.5;208.06640625
0;36600;AMETHYSTS;9996;1;9995;30;;;10000;2;10004;1;10005;30;9998.0;72.0
0;36600;STARFRUIT;5035;31;;;;;5038;2;5042;31;;;5036.5;205.984375
0;36700;STARFRUIT;5035;22;;;;;5042;22;;;;;5038.5;208.484375
0;36700;AMETHYSTS;10002;1;9996;1;9995;21;10004;1;10005;21;;;10003.0;72.0
0;36800;AMETHYSTS;9996;2;9995;23;;;10004;2;10005;23;;;10000.0;74.0
0;36800;STARFRUIT;5035;25;;;;;5042;25;;;;;5038.5;211.06640625
0;36900;AMETHYSTS;9998;6;9995;22;;;10005;22;;;;;10001.5;74.0
0;36900;STARFRUIT;5035;22;;;;;5042;22;;;;;5038.5;210.91015625
0;37000;AMETHYSTS;9996;2;9995;20;;;10004;2;10005;20;;;10000.0;74.0
0;37000;STARFRUIT;5036;2;5035;20;;;5042;22;;;;;5039.0;212.1796875
0;37100;STARFRUIT;5039;5;5036;24;;;5043;24;;;;;5041.0;214.58203125
0;37100;AMETHYSTS;10000;5;9995;24;;;10005;24;;;;;10002.5;74.0
0;37200;AMETHYSTS;9996;2;9995;27;;;10004;2;10005;27;;;10000.0;74.0
0;37200;STARFRUIT;5037;2;5036;27;;;5043;29;;;;;5040.0;223.015625
0;37300;AMETHYSTS;9996;1;9995;22;;;10004;1;10005;22;;;10000.0;74.0
0;37300;STARFRUIT;5037;23;;;;;5042;4;5044;23;;;5039.5;229.41015625
0;37400;AMETHYSTS;9995;22;;;;;10005;22;;;;;10000.0;82.0
0;37400;STARFRUIT;5038;4;5037;22;;;5044;22;;;;;5041.0;232.671875
0;37500;STARFRUIT;5040;5;5037;31;;;5044;31;;;;;5042.0;231.61328125
0;37500;AMETHYSTS;10000;5;9996;1;9995;30;10004;1;10005;30;;;10002.0;82.0
0;37600;AMETHYSTS;9996;1;9995;24;;;10004;1;10005;24;;;10000.0;82.0
0;37600;STARFRUIT;5037;25;;;;;5042;5;5044;25;;;5039.5;228.984375
0;37700;AMETHYSTS;10002;1;9995;20;;;10005;20;;;;;10003.5;90.0
0;37700;STARFRUIT;5037;20;;;;;5044;20;;;;;5040.5;224.859375
0;37800;AMETHYSTS;9996;2;9995;23;;;10004;2;10005;23;;;10000.0;92.0
0;37800;STARFRUIT;5037;25;;;;;5043;2;5044;23;;;5040.0;225.69921875
0;37900;STARFRUIT;5038;29;;;;;5044;2;5045;27;;;5041.0;234.9921875
0;37900;AMETHYSTS;9996;2;9995;27;;;10004;2;10005;27;;;10000.0;92.0
0;38000;AMETHYSTS;9998;3;9995;30;;;10005;30;;;;;10001.5;92.0
0;38000;STARFRUIT;5038;30;;;;;5045;30;;;;;5041.5;237.234375
0;38100;AMETHYSTS;9998;4;9996;1;9995;28;10004;1;10005;28;;;10001.0;92.0
0;38100;STARFRUIT;5038;29;;;;;5043;4;5045;29;;;5040.5;236.6484375
0;38200;AMETHYSTS;9998;4;9996;2;9995;29;10004;2;10005;29;;;10001.0;92.0
0;38200;STARFRUIT;5039;2;5038;29;;;5045;31;;;;;5042.0;243.70703125
0;38300;STARFRUIT;5040;5;5039;22;;;5046;22;;;;;5043.0;248.4375
0;38300;AMETHYSTS;9995;22;;;;;10005;22;;;;;10000.0;92.0
0;38400;AMETHYSTS;9996;2;9995;29;;;10004;2;10005;29;;;10000.0;92.0
0;38400;STARFRUIT;5039;31;;;;;5040;4;5046;31;;;5039.5;247.609375
0;38500;AMETHYSTS;9996;2;9995;22;;;10004;2;10005;22;;;10000.0;92.0
0;38500;STARFRUIT;5038;24;;;;;5045;24;;;;;5041.5;245.84375
0;38600;STARFRUIT;5038;31;;;;;5044;2;5045;29;;;5041.0;240.9921875
0;38600;AMETHYSTS;10002;1;9996;2;9995;29;10004;2;10005;29;;;10003.0;92.0
0;38700;STARFRUIT;5038;1;5037;20;;;5044;22;;;;;5041.0;235.46875
0;38700;AMETHYSTS;9996;2;9995;20;;;10004;2;10005;20;;;10000.0;94.0
0;38800;STARFRUIT;5038;27;;;;;5043;2;5044;2;5045;25;5040.5;240.9453125
0;38800;AMETHYSTS;9996;2;9995;25;;;10004;2;10005;25;;;10000.0;114.0
0;38900;AMETHYSTS;9996;2;9995;23;;;10004;2;10005;23;;;10000.0;114.0
0;38900;STARFRUIT;5038;25;;;;;5045;25;;;;;5041.5;244.0234375
0;39000;STARFRUIT;5039;1;5038;23;;;5041;3;5044;6;5045;1;5040.0;251.78125
0;39000;AMETHYSTS;9996;1;9995;23;;;10000;3;10004;1;10005;23;9998.0;114.0
0;39100;STARFRUIT;5039;8;5038;30;;;5045;30;;;;;5042.0;248.5234375
0;39100;AMETHYSTS;9996;2;9995;28;;;9998;3;10004;2;10005;28;9997.0;114.0
0;39200;STARFRUIT;5039;5;5038;21;;;5041;4;5045;21;;;5040.0;250.625
0;39200;AMETHYSTS;9995;21;;;;;10000;4;10005;21;;;9997.5;114.0
0;39300;AMETHYSTS;9995;24;;;;;10005;24;;;;;10000.0;114.0
0;39300;STARFRUIT;5038;24;;;;;5045;24;;;;;5041.5;245.0859375
0;39400;STARFRUIT;5038;21;;;;;5045;21;;;;;5041.5;240.3125
0;39400;AMETHYSTS;9995;21;;;;;10005;21;;;;;10000.0;114.0
0;39500;STARFRUIT;5038;29;;;;;5043;3;5045;29;;;5040.5;243.25
0;39500;AMETHYSTS;9995;29;;;;;10005;29;;;;;10000.0;114.0
0;39600;STARFRUIT;5038;31;;;;;5045;31;;;;;5041.5;244.0078125
0;39600;AMETHYSTS;9996;1;9995;30;;;10004;1;10005;30;;;10000.0;114.0
0;39700;AMETHYSTS;9996;1;9995;29;;;10000;6;10004;1;10005;29;9998.0;114.0
0;39700;STARFRUIT;5038;29;;;;;5041;6;5045;30;;;5039.5;249.96875
0;39800;STARFRUIT;5038;24;;;;;5044;2;5045;22;;;5041.0;240.8203125
0;39800;AMETHYSTS;9996;2;9995;22;;;9998;1;10004;2;10005;22;9997.0;114.0
0;39900;STARFRUIT;5038;29;;;;;5043;7;5045;29;;;5040.5;242.7890625
0;39900;AMETHYSTS;9998;10;9996;1;9995;28;10004;1;10005;28;;;10001.0;114.0
0;40000;STARFRUIT;5037;26;;;;;5044;26;;;;;5040.5;232.6640625
0;40000;AMETHYSTS;10002;11;9996;1;9995;25;10004;1;10005;25;;;10003.0;114.0
0;40100;AMETHYSTS;9995;30;;;;;10005;30;;;;;10000.0;114.0
0;40100;STARFRUIT;5037;30;;;;;5042;4;5044;30;;;5039.5;231.03125
0;40200;STARFRUIT;5037;25;;;;;5044;25;;;;;5040.5;228.546875
0;40200;AMETHYSTS;9996;1;9995;24;;;10002;7;10004;1;10005;24;9999.0;114.0
0;40300;STARFRUIT;5037;1;5036;29;;;5043;30;;;;;5040.0;222.5390625
0;40300;AMETHYSTS;10002;4;9996;1;9995;29;10004;1;10005;29;;;10003.0;114.0
0;40400;STARFRUIT;5037;25;;;;;5043;2;5044;23;;;5040.0;226.796875
0;40400;AMETHYSTS;9996;2;9995;23;;;10004;2;10005;23;;;10000.0;122.0
0;40500;AMETHYSTS;9996;1;9995;21;;;10004;1;10005;21;;;10000.0;122.0
0;40500;STARFRUIT;5037;22;;;;;5044;22;;;;;5040.5;228.703125
0;40600;STARFRUIT;5037;28;;;;;5045;28;;;;;5041.0;238.0859375
0;40600;AMETHYSTS;10002;1;9995;28;;;10005;28;;;;;10003.5;122.0
0;40700;STARFRUIT;5044;1;5039;6;5038;30;5045;30;;;;;5044.5;245.1796875
0;40700;AMETHYSTS;9998;10;9996;1;9995;29;10004;1;10005;29;;;10001.0;124.0
0;40800;STARFRUIT;5038;21;;;;;5045;21;;;;;5041.5;249.0234375
0;40800;AMETHYSTS;9995;21;;;;;10005;21;;;;;10000.0;124.0
0;40900;AMETHYSTS;9998;2;9995;25;;;10005;25;;;;;10001.5;124.0
0;40900;STARFRUIT;5040;3;5039;25;;;5046;25;;;;;5043.0;257.5
0;41000;STARFRUIT;5039;21;;;;;5042;2;5044;7;5045;1;5040.5;256.8984375
0;41000;AMETHYSTS;9998;10;9996;1;9995;20;10000;2;10004;1;10005;20;9999.0;124.0
0;41100;AMETHYSTS;9996;2;9995;23;;;10004;2;10005;23;;;10000.0;124.0
0;41100;STARFRUIT;5038;25;;;;;5045;25;;;;;5041.5;249.2734375
0;41200;AMETHYSTS;9995;20;;;;;10005;20;;;;;10000.0;124.0
0;41200;STARFRUIT;5038;20;;;;;5046;20;;;;;5042.0;253.6640625
0;41300;AMETHYSTS;9995;27;;;;;10005;27;;;;;10000.0;124.0
0;41300;STARFRUIT;5039;8;5038;27;;;5045;27;;;;;5042.0;249.5546875
0;41400;STARFRUIT;5039;30;;;;;5046;30;;;;;5042.5;259.8984375
0;41400;AMETHYSTS;9996;1;9995;29;;;10004;1;10005;29;;;10000.0;124.0
0;41500;AMETHYSTS;9996;2;9995;29;;;10004;2;10005;29;;;10000.0;124.0
0;41500;STARFRUIT;5039;9;5038;29;;;5045;31;;;;;5042.0;253.09375
0;41600;AMETHYSTS;9995;26;;;;;10005;26;;;;;10000.0;124.0
0;41600;STARFRUIT;5038;26;;;;;5045;26;;;;;5041.5;250.515625
0;41700;AMETHYSTS;9995;23;;;;;10005;23;;;;;10000.0;124.0
0;41700;STARFRUIT;5042;2;5038;23;;;5045;23;;;;;5043.5;244.6875
0;41800;STARFRUIT;5038;21;;;;;5044;1;5045;21;;;5041.0;242.96875
0;41800;AMETHYSTS;9996;1;9995;21;;;10004;1;10005;21;;;10000.0;124.0
0;41900;AMETHYSTS;9995;28;;;;;10002;8;10005;28;;;9998.5;124.0
0;41900;STARFRUIT;5038;28;;;;;5045;28;;;;;5041.5;246.3359375
0;42000;AMETHYSTS;9996;1;9995;27;;;9998;1;10004;1;10005;27;9997.0;124.0
0;42000;STARFRUIT;5038;1;5037;27;;;5044;28;;;;;5041.0;240.23828125
0;42100;AMETHYSTS;10002;2;9995;22;;;10005;22;;;;;10003.5;126.0
0;42100;STARFRUIT;5039;7;5038;22;;;5045;22;;;;;5042.0;243.4765625
0;42200;STARFRUIT;5038;22;;;;;5045;22;;;;;5041.5;252.5859375
0;42200;AMETHYSTS;9995;22;;;;;10005;22;;;;;10000.0;130.0
0;42300;AMETHYSTS;9996;2;9995;20;;;10004;2;10005;20;;;10000.0;130.0
0;42300;STARFRUIT;5039;22;;;;;5045;2;5046;20;;;5042.0;255.75
0;42400;AMETHYSTS;9996;2;9995;26;;;10002;2;10004;2;10005;26;9999.0;130.0
0;42400;STARFRUIT;5038;28;;;;;5045;28;;;;;5041.5;247.5703125
0;42500;AMETHYSTS;9995;24;;;;;10005;24;;;;;10000.0;130.0
0;42500;STARFRUIT;5038;24;;;;;5043;2;5045;24;;;5040.5;246.796875
0;42600;STARFRUIT;5043;1;5038;28;;;5045;28;;;;;5044.0;243.75
0;42600;AMETHYSTS;9995;28;;;;;10005;28;;;;;10000.0;130.0
0;42700;AMETHYSTS;9996;1;9995;23;;;10004;1;10005;23;;;10000.0;130.0
0;42700;STARFRUIT;5038;24;;;;;5044;1;5045;23;;;5041.0;245.3515625
0;42800;AMETHYSTS;9995;29;;;;;10000;2;10005;29;;;9997.5;130.0
0;42800;STARFRUIT;5038;29;;;;;5041;2;5045;29;;;5039.5;245.9140625
0;42900;AMETHYSTS;10002;5;9995;20;;;10005;20;;;;;10003.5;130.0
0;42900;STARFRUIT;5038;20;;;;;5045;20;;;;;5041.5;247.30078125
0;43000;STARFRUIT;5038;27;;;;;5045;27;;;;;5041.5;246.9296875
0;43000;AMETHYSTS;9996;1;9995;26;;;10002;6;10004;1;10005;26;9999.0;130.0
0;43100;AMETHYSTS;9998;9;9996;1;9995;24;10004;1;10005;24;;;10001.0;118.0
0;43100;STARFRUIT;5038;25;;;;;5045;25;;;;;5041.5;250.0390625
0;43200;AMETHYSTS;9996;2;9995;29;;;10002;5;10004;2;10005;29;9999.0;118.0
0;43200;STARFRUIT;5038;31;;;;;5045;31;;;;;5041.5;248.2890625
0;43300;STARFRUIT;5043;1;5037;20;;;5044;20;;;;;5043.5;238.984375
0;43300;AMETHYSTS;9998;10;9995;20;;;10005;20;;;;;10001.5;122.0
0;43400;AMETHYSTS;9996;2;9995;22;;;10004;2;10005;22;;;10000.0;122.0
0;43400;STARFRUIT;5037;24;;;;;5043;2;5044;22;;;5040.0;236.41796875
0;43500;AMETHYSTS;9996;1;9995;24;;;10002;7;10004;1;10005;24;9999.0;122.0
0;43500;STARFRUIT;5037;6;5036;25;;;5043;25;;;;;5040.0;223.58984375
0;43600;AMETHYSTS;9995;22;;;;;10002;5;10005;22;;;9998.5;122.0
0;43600;STARFRUIT;5036;22;;;;;5041;1;5043;22;;;5038.5;222.8125
0;43700;STARFRUIT;5037;1;5036;29;;;5043;30;;;;;5040.0;225.16796875
0;43700;AMETHYSTS;9996;1;9995;29;;;10002;6;10004;1;10005;29;9999.0;122.0
0;43800;AMETHYSTS;9996;1;9995;22;;;10004;1;10005;22;;;10000.0;122.0
0;43800;STARFRUIT;5036;23;;;;;5043;23;;;;;5039.5;223.88671875
0;43900;AMETHYSTS;9996;2;9995;24;;;10002;2;10004;2;10005;24;9999.0;122.0
0;43900;STARFRUIT;5037;6;5036;26;;;5043;26;;;;;5040.0;220.0703125
0;44000;AMETHYSTS;10002;4;9998;10;9996;2;10004;2;10005;25;;;10003.0;122.0
0;44000;STARFRUIT;5036;27;;;;;5043;27;;;;;5039.5;218.953125
0;44100;STARFRUIT;5036;24;;;;;5041;4;5042;2;5043;22;5038.5;217.0625
0;44100;AMETHYSTS;9996;2;9995;22;;;10004;2;10005;22;;;10000.0;130.0
0;44200;AMETHYSTS;9995;24;;;;;10005;24;;;;;10000.0;130.0
0;44200;STARFRUIT;5036;24;;;;;5043;24;;;;;5039.5;222.3046875
0;44300;AMETHYSTS;9996;2;9995;24;;;9998;2;10004;2;10005;24;9997.0;130.0
0;44300;STARFRUIT;5036;26;;;;;5042;2;5043;24;;;5039.0;217.75
0;44400;AMETHYSTS;9996;1;9995;25;;;10002;7;10004;1;10005;25;9999.0;134.0
0;44400;STARFRUIT;5037;1;5036;26;;;5043;26;;;;;5040.0;219.08203125
0;44500;STARFRUIT;5036;30;;;;;5043;30;;;;;5039.5;218.87109375
0;44500;AMETHYSTS;9995;30;;;;;10005;30;;;;;10000.0;134.0
0;44600;AMETHYSTS;9996;1;9995;21;;;10004;1;10005;21;;;10000.0;134.0
0;44600;STARFRUIT;5037;22;;;;;5043;1;5044;21;;;5040.0;228.52734375
0;44700;AMETHYSTS;9996;2;9995;25;;;10004;2;10005;25;;;10000.0;134.0
0;44700;STARFRUIT;5037;27;;;;;5042;6;5044;27;;;5039.5;232.9375
0;44800;AMETHYSTS;9995;25;;;;;10005;25;;;;;10000.0;134.0
0;44800;STARFRUIT;5037;25;;;;;5042;3;5044;25;;;5039.5;228.6171875
0;44900;STARFRUIT;5037;2;5036;21;;;5043;23;;;;;5040.0;227.07421875
0;44900;AMETHYSTS;9996;2;9995;21;;;10004;2;10005;21;;;10000.0;134.0
0;45000;AMETHYSTS;9996;1;9995;27;;;10004;1;10005;27;;;10000.0;134.0
0;45000;STARFRUIT;5036;28;;;;;5037;1;5043;28;;;5036.5;222.55859375
0;45100;AMETHYSTS;9995;27;;;;;9998;1;10005;27;;;9996.5;134.0
0;45100;STARFRUIT;5036;27;;;;;5043;27;;;;;5039.5;228.6484375
0;45200;AMETHYSTS;10002;1;9996;1;9995;20;10004;1;10005;20;;;10003.0;136.0
0;45200;STARFRUIT;5036;20;;;;;5043;1;5044;20;;;5039.5;230.734375
0;45300;STARFRUIT;5037;22;;;;;5044;23;;;;;5040.5;236.90625
0;45300;AMETHYSTS;9995;23;;;;;10005;23;;;;;10000.0;138.0
0;45400;AMETHYSTS;9998;4;9995;25;;;10005;25;;;;;10001.5;138.0
0;45400;STARFRUIT;5037;25;;;;;5044;25;;;;;5040.5;239.796875
0;45500;AMETHYSTS;9996;1;9995;20;;;9998;3;10004;1;10005;20;9997.0;138.0
0;45500;STARFRUIT;5036;21;;;;;5037;3;5043;21;;;5036.5;221.015625
0;45600;AMETHYSTS;9996;1;9995;23;;;10004;1;10005;23;;;10000.0;144.0
0;45600;STARFRUIT;5037;1;5036;23;;;5041;6;5043;24;;;5039.0;227.8203125
0;45700;STARFRUIT;5037;2;5036;21;;;5043;23;;;;;5040.0;225.7265625
0;45700;AMETHYSTS;10002;1;9996;2;9995;21;10004;2;10005;21;;;10003.0;144.0
0;45800;AMETHYSTS;10000;5;9998;7;9996;2;10004;2;10005;30;;;10002.0;146.0
0;45800;STARFRUIT;5040;5;5037;32;;;5044;32;;;;;5042.0;233.43359375
0;45900;AMETHYSTS;9998;8;9996;1;9995;25;10004;1;10005;25;;;10001.0;146.0
0;45900;STARFRUIT;5037;25;;;;;5044;26;;;;;5040.5;240.67578125
0;46000;AMETHYSTS;9995;23;;;;;9998;1;10005;23;;;9996.5;146.0
0;46000;STARFRUIT;5037;23;;;;;5044;23;;;;;5040.5;237.515625
0;46100;STARFRUIT;5039;4;5038;25;;;5045;25;;;;;5042.0;243.62109375
0;46100;AMETHYSTS;9995;25;;;;;10005;25;;;;;10000.0;148.0
0;46200;AMETHYSTS;9995;24;;;;;10005;24;;;;;10000.0;148.0
0;46200;STARFRUIT;5039;4;5038;24;;;5045;24;;;;;5042.0;244.5625
0;46300;AMETHYSTS;9996;2;9995;26;;;10004;2;10005;26;;;10000.0;148.0
0;46300;STARFRUIT;5039;2;5038;26;;;5045;28;;;;;5042.0;253.3046875
0;46400;AMETHYSTS;9995;24;;;;;10005;24;;;;;10000.0;148.0
0;46400;STARFRUIT;5044;1;5038;24;;;5045;24;;;;;5044.5;250.0546875
0;46500;STARFRUIT;5042;2;5038;30;;;5045;30;;;;;5043.5;248.046875
0;46500;AMETHYSTS;9996;1;9995;29;;;9998;1;10004;1;10005;29;9997.0;148.0
0;46600;AMETHYSTS;9998;1;9995;28;;;10005;28;;;;;10001.5;150.0
0;46600;STARFRUIT;5044;1;5040;4;5039;28;5046;28;;;;;5045.0;257.1171875
0;46700;AMETHYSTS;9996;1;9995;29;;;10004;1;10005;29;;;10000.0;146.0
0;46700;STARFRUIT;5038;30;;;;;5045;30;;;;;5041.5;254.3671875
0;46800;AMETHYSTS;9995;25;;;;;10005;25;;;;;10000.0;146.0
0;46800;STARFRUIT;5038;25;;;;;5045;25;;;;;5041.5;256.08203125
0;46900;STARFRUIT;5039;30;;;;;5040;10;5045;1;5046;29;5039.5;259.328125
0;46900;AMETHYSTS;9996;1;9995;29;;;10002;3;10004;1;10005;29;9999.0;146.0
0;47000;AMETHYSTS;9996;1;9995;22;;;10004;1;10005;22;;;10000.0;146.0
0;47000;STARFRUIT;5039;23;;;;;5045;1;5046;22;;;5042.0;260.17578125
0;47100;AMETHYSTS;9995;22;;;;;9998;1;10005;22;;;9996.5;146.0
0;47100;STARFRUIT;5039;22;;;;;5046;22;;;;;5042.5;263.0546875
0;47200;AMETHYSTS;9996;2;9995;21;;;10004;2;10005;21;;;10000.0;148.0
0;47200;STARFRUIT;5044;1;5039;23;;;5046;23;;;;;5045.0;260.6328125
0;47300;STARFRUIT;5040;5;5039;21;;;5046;21;;;;;5043.0;263.296875
0;47300;AMETHYSTS;9995;21;;;;;10005;21;;;;;10000.0;148.0
0;47400;AMETHYSTS;9998;7;9995;22;;;10005;22;;;;;10001.5;148.0
0;47400;STARFRUIT;5043;5;5038;22;;;5045;22;;;;;5044.0;252.49609375
0;47500;AMETHYSTS;9996;1;9995;21;;;9998;1;10004;1;10005;21;9997.0;148.0
0;47500;STARFRUIT;5037;22;;;;;5042;5;5044;22;;;5039.5;247.1015625
0;47600;STARFRUIT;5037;21;;;;;5044;21;;;;;5040.5;246.078125
0;47600;AMETHYSTS;9998;5;9995;21;;;10005;21;;;;;10001.5;150.0
0;47700;STARFRUIT;5037;23;;;;;5042;4;5044;23;;;5039.5;246.28515625
0;47700;AMETHYSTS;9998;1;9995;23;;;10005;23;;;;;10001.5;140.0
0;47800;STARFRUIT;5038;20;;;;;5043;7;5045;20;;;5040.5;250.484375
0;47800;AMETHYSTS;9995;20;;;;;10005;20;;;;;10000.0;140.0
0;47900;AMETHYSTS;9995;23;;;;;10005;23;;;;;10000.0;140.0
0;47900;STARFRUIT;5037;23;;;;;5044;23;;;;;5040.5;240.671875
0;48000;STARFRUIT;5037;27;;;;;5044;27;;;;;5040.5;243.1171875
0;48000;AMETHYSTS;10002;2;9996;1;9995;26;10004;1;10005;26;;;10003.0;140.0
0;48100;STARFRUIT;5037;30;;;;;5042;1;5044;30;;;5039.5;243.875
0;48100;AMETHYSTS;9996;1;9995;29;;;10004;1;10005;29;;;10000.0;144.0
0;48200;STARFRUIT;5038;2;5037;26;;;5044;27;;;;;5041.0;249.23828125
0;48200;AMETHYSTS;9996;1;9995;26;;;10004;1;10005;26;;;10000.0;144.0
0;48300;AMETHYSTS;9998;4;9996;1;9995;20;10004;1;10005;20;;;10001.0;144.0
0;48300;STARFRUIT;5037;21;;;;;5038;4;5044;21;;;5037.5;245.11328125
0;48400;STARFRUIT;5037;32;;;;;5042;6;5044;32;;;5039.5;256.671875
0;48400;AMETHYSTS;9996;2;9995;30;;;10004;2;10005;30;;;10000.0;144.0
0;48500;STARFRUIT;5037;29;;;;;5044;29;;;;;5040.5;252.15625
0;48500;AMETHYSTS;9995;29;;;;;10005;29;;;;;10000.0;144.0
0;48600;STARFRUIT;5037;1;5036;26;;;5043;1;5044;26;;;5040.0;247.8984375
0;48600;AMETHYSTS;9996;1;9995;26;;;10004;1;10005;26;;;10000.0;144.0
0;48700;AMETHYSTS;9996;1;9995;22;;;10000;2;10004;1;10005;22;9998.0;144.0
0;48700;STARFRUIT;5036;23;;;;;5039;2;5043;23;;;5037.5;244.796875
0;48800;STARFRUIT;5036;29;;;;;5043;29;;;;;5039.5;244.9453125
0;48800;AMETHYSTS;9996;1;9995;28;;;10004;1;10005;28;;;10000.0;144.0
0;48900;STARFRUIT;5036;21;;;;;5043;22;;;;;5039.5;238.8046875
0;48900;AMETHYSTS;9995;22;;;;;10005;22;;;;;10000.0;144.0
0;49000;STARFRUIT;5035;29;;;;;5042;29;;;;;5038.5;226.5390625
0;49000;AMETHYSTS;9996;1;9995;28;;;10004;1;10005;28;;;10000.0;144.0
0;49100;AMETHYSTS;9995;30;;;;;10005;30;;;;;10000.0;148.0
0;49100;STARFRUIT;5035;30;;;;;5042;30;;;;;5038.5;224.1328125
0;49200;STARFRUIT;5034;26;;;;;5041;26;;;;;5037.5;209.828125
0;49200;AMETHYSTS;10002;3;9996;1;9995;25;10004;1;10005;25;;;10003.0;148.0
0;49300;STARFRUIT;5035;6;5034;29;;;5041;29;;;;;5038.0;215.34375
0;49300;AMETHYSTS;9998;3;9995;29;;;10005;29;;;;;10001.5;148.0
0;49400;STARFRUIT;5035;23;;;;;5042;23;;;;;5038.5;225.09375
0;49400;AMETHYSTS;9996;1;9995;22;;;10004;1;10005;22;;;10000.0;148.0
0;49500;AMETHYSTS;9996;1;9995;24;;;10004;1;10005;24;;;10000.0;148.0
0;49500;STARFRUIT;5035;25;;;;;5041;1;5042;24;;;5038.0;219.0078125
0;49600;STARFRUIT;5036;2;5035;28;;;5038;3;5042;30;;;5037.0;231.125
0;49600;AMETHYSTS;9996;2;9995;28;;;10000;3;10002;9;10004;2;9998.0;148.0
0;49700;STARFRUIT;5041;1;5036;6;5035;21;5042;21;;;;;5041.5;232.25
0;49700;AMETHYSTS;9995;21;;;;;10005;21;;;;;10000.0;148.0
0;49800;AMETHYSTS;9995;20;;;;;10002;7;10005;20;;;9998.5;148.0
0;49800;STARFRUIT;5036;20;;;;;5037;1;5043;20;;;5036.5;245.2890625
0;49900;AMETHYSTS;9996;1;9995;23;;;10004;1;10005;23;;;10000.0;148.0
0;49900;STARFRUIT;5038;5;5037;24;;;5044;24;;;;;5041.0;261.203125
0;50000;STARFRUIT;5037;26;;;;;5044;26;;;;;5040.5;250.77734375
0;50000;AMETHYSTS;9996;2;9995;24;;;10002;5;10004;2;10005;24;9999.0;148.0
0;50100;AMETHYSTS;10002;4;9996;2;9995;22;10004;2;10005;22;;;10003.0;148.0
0;50100;STARFRUIT;5037;24;;;;;5043;2;5044;22;;;5040.0;246.39453125
0;50200;AMETHYSTS;9996;1;9995;28;;;10004;1;10005;28;;;10000.0;148.0
0;50200;STARFRUIT;5036;29;;;;;5043;29;;;;;5039.5;239.69921875
0;50300;AMETHYSTS;9995;23;;;;;10005;23;;;;;10000.0;148.0
0;50300;STARFRUIT;5036;23;;;;;5041;4;5043;23;;;5038.5;243.09375
0;50400;STARFRUIT;5037;2;5036;23;;;5038;3;5043;23;;;5037.5;241.1171875
0;50400;AMETHYSTS;9996;2;9995;21;;;10004;2;10005;21;;;10000.0;148.0
0;50500;AMETHYSTS;10000;4;9998;7;9996;1;10004;1;10005;27;;;10002.0;148.0
0;50500;STARFRUIT;5039;4;5036;28;;;5043;28;;;;;5041.0;243.515625
0;50600;AMETHYSTS;9998;7;9996;2;9995;22;10000;5;10004;2;10005;22;9999.0;148.0
0;50600;STARFRUIT;5036;24;;;;;5039;4;5043;24;;;5037.5;240.453125
0;50700;AMETHYSTS;9998;9;9995;20;;;10005;20;;;;;10001.5;148.0
0;50700;STARFRUIT;5036;20;;;;;5043;20;;;;;5039.5;241.375
0;50800;STARFRUIT;5037;2;5036;26;;;5043;28;;;;;5040.0;247.1484375
0;50800;AMETHYSTS;9998;7;9996;2;9995;26;10004;2;10005;26;;;10001.0;148.0
0;50900;AMETHYSTS;9998;2;9995;30;;;10000;5;10005;30;;;9999.0;148.0
0;50900;STARFRUIT;5036;30;;;;;5037;1;5039;5;5043;30;5036.5;248.5
0;51000;AMETHYSTS;9996;2;9995;23;;;10004;2;10005;23;;;10000.0;148.0
0;51000;STARFRUIT;5037;25;;;;;5043;2;5044;23;;;5040.0;253.6328125
0;51100;AMETHYSTS;9995;29;;;;;10002;1;10005;29;;;9998.5;148.0
0;51100;STARFRUIT;5038;3;5037;29;;;5044;29;;;;;5041.0;263.875
0;51200;STARFRUIT;5037;30;;;;;5044;30;;;;;5040.5;263.3515625
0;51200;AMETHYSTS;9995;30;;;;;10005;30;;;;;10000.0;148.0
0;51300;AMETHYSTS;9996;2;9995;23;;;9998;5;10002;5;10004;2;9997.0;148.0
0;51300;STARFRUIT;5038;2;5037;23;;;5044;25;;;;;5041.0;265.25
0;51400;AMETHYSTS;9996;1;9995;22;;;10004;1;10005;22;;;10000.0;158.0
0;51400;STARFRUIT;5037;23;;;;;5042;5;5044;23;;;5039.5;259.609375
0;51500;AMETHYSTS;9995;21;;;;;10005;21;;;;;10000.0;158.0
0;51500;STARFRUIT;5037;21;;;;;5044;21;;;;;5040.5;263.5078125
0;51600;STARFRUIT;5042;3;5038;2;5037;21;5044;23;;;;;5043.0;264.7734375
0;51600;AMETHYSTS;9996;2;9995;21;;;10002;5;10004;2;10005;21;9999.0;158.0
0;51700;AMETHYSTS;9996;2;9995;30;;;10004;2;10005;30;;;10000.0;158.0
0;51700;STARFRUIT;5038;2;5037;30;;;5044;32;;;;;5041.0;268.4453125
0;51800;AMETHYSTS;9995;25;;;;;10005;25;;;;;10000.0;158.0
0;51800;STARFRUIT;5037;25;;;;;5044;25;;;;;5040.5;266.1015625
0;51900;AMETHYSTS;9996;2;9995;26;;;10004;2;10005;26;;;10000.0;158.0
0;51900;STARFRUIT;5037;28;;;;;5044;28;;;;;5040.5;262.19921875
0;52000;AMETHYSTS;9998;2;9995;21;;;10000;5;10005;21;;;9999.0;158.0
0;52000;STARFRUIT;5038;5;5037;21;;;5040;5;5044;21;;;5039.0;265.5546875
0;52100;AMETHYSTS;9996;1;9995;27;;;10004;1;10005;27;;;10000.0;158.0
0;52100;STARFRUIT;5038;1;5037;27;;;5044;28;;;;;5041.0;268.8046875
0;52200;AMETHYSTS;9995;23;;;;;10005;23;;;;;10000.0;158.0
0;52200;STARFRUIT;5037;22;;;;;5044;23;;;;;5040.5;264.8359375
0;52300;STARFRUIT;5037;30;;;;;5044;30;;;;;5040.5;267.94140625
0;52300;AMETHYSTS;9995;30;;;;;10005;30;;;;;10000.0;158.0
0;52400;AMETHYSTS;10002;3;9996;1;9995;20;10004;1;10005;20;;;10003.0;158.0
0;52400;STARFRUIT;5038;1;5037;21;;;5040;4;5044;21;;;5039.0;267.5703125
0;52500;AMETHYSTS;9996;2;9995;25;;;10004;2;10005;25;;;10000.0;164.0
0;52500;STARFRUIT;5037;27;;;;;5043;2;5044;25;;;5040.0;260.8203125
0;52600;AMETHYSTS;9996;1;9995;30;;;10004;1;10005;30;;;10000.0;164.0
0;52600;STARFRUIT;5037;31;;;;;5043;1;5044;30;;;5040.0;259.4140625
0;52700;STARFRUIT;5042;1;5037;25;;;5043;1;5044;24;;;5042.5;260.04296875
0;52700;AMETHYSTS;9996;1;9995;24;;;10002;9;10004;1;10005;24;9999.0;172.0
0;52800;AMETHYSTS;9996;2;9995;26;;;10004;2;10005;26;;;10000.0;172.0
0;52800;STARFRUIT;5042;1;5037;28;;;5044;28;;;;;5043.0;263.57421875
0;52900;AMETHYSTS;9996;1;9995;26;;;10002;3;10004;1;10005;26;9999.0;172.0
0;52900;STARFRUIT;5036;27;;;;;5043;27;;;;;5039.5;255.26953125
0;53000;AMETHYSTS;9996;1;9995;29;;;10004;1;10005;29;;;10000.0;172.0
0;53000;STARFRUIT;5036;1;5035;29;;;5042;30;;;;;5039.0;248.09765625
0;53100;STARFRUIT;5036;2;5035;21;;;5042;2;5043;21;;;5039.0;249.97265625
0;53100;AMETHYSTS;9996;2;9995;21;;;9998;5;10004;2;10005;21;9997.0;172.0
0;53200;AMETHYSTS;9995;23;;;;;10005;23;;;;;10000.0;182.0
0;53200;STARFRUIT;5041;1;5036;23;;;5043;23;;;;;5042.0;254.640625
0;53300;AMETHYSTS;9995;20;;;;;10005;20;;;;;10000.0;182.0
0;53300;STARFRUIT;5036;20;;;;;5043;20;;;;;5039.5;253.08984375
0;53400;AMETHYSTS;9996;2;9995;30;;;9998;1;10004;2;10005;30;9997.0;182.0
0;53400;STARFRUIT;5038;7;5037;32;;;5044;32;;;;;5041.0;265.20703125
0;53500;STARFRUIT;5037;25;;;;;5042;2;5044;25;;;5039.5;267.125
0;53500;AMETHYSTS;9995;25;;;;;10002;7;10005;25;;;9998.5;184.0
0;53600;AMETHYSTS;9998;2;9996;1;9995;22;10004;1;10005;22;;;10001.0;184.0
0;53600;STARFRUIT;5037;23;;;;;5044;23;;;;;5040.5;268.5546875
0;53700;AMETHYSTS;9995;23;;;;;10005;23;;;;;10000.0;184.0
0;53700;STARFRUIT;5038;1;5037;23;;;5044;23;;;;;5041.0;267.578125
0;53800;AMETHYSTS;9998;8;9995;29;;;10005;29;;;;;10001.5;184.0
0;53800;STARFRUIT;5037;29;;;;;5044;29;;;;;5040.5;264.3984375
0;53900;STARFRUIT;5038;1;5037;25;;;5040;4;5044;26;;;5039.0;270.24609375
0;53900;AMETHYSTS;9996;1;9995;25;;;10000;4;10002;8;10004;1;9998.0;184.0
0;54000;AMETHYSTS;9996;1;9995;21;;;10002;1;10004;1;10005;21;9999.0;184.0
0;54000;STARFRUIT;5038;7;5037;22;;;5044;22;;;;;5041.0;269.015625
0;54100;AMETHYSTS;9996;1;9995;21;;;10004;1;10005;21;;;10000.0;184.0
0;54100;STARFRUIT;5038;4;5037;22;;;5043;1;5044;21;;;5040.5;263.1953125
0;54200;AMETHYSTS;9996;1;9995;20;;;10004;1;10005;20;;;10000.0;188.0
0;54200;STARFRUIT;5037;20;;;;;5043;1;5044;20;;;5040.0;262.875
0;54300;STARFRUIT;5037;28;;;;;5043;2;5044;26;;;5040.0;262.9375
0;54300;AMETHYSTS;10002;1;9996;2;9995;26;10004;2;10005;26;;;10003.0;188.0
0;54400;AMETHYSTS;9995;22;;;;;10005;22;;;;;10000.0;190.0
0;54400;STARFRUIT;5037;22;;;;;5044;22;;;;;5040.5;274.484375
0;54500;AMETHYSTS;9996;2;9995;27;;;10002;2;10004;2;10005;27;9999.0;190.0
0;54500;STARFRUIT;5038;29;;;;;5045;29;;;;;5041.5;279.34375
0;54600;AMETHYSTS;10002;2;9996;1;9995;29;10004;1;10005;29;;;10003.0;190.0
0;54600;STARFRUIT;5038;30;;;;;5045;30;;;;;5041.5;282.3359375
0;54700;STARFRUIT;5038;1;5037;22;;;5044;1;5045;22;;;5041.0;275.90625
0;54700;AMETHYSTS;9996;1;9995;22;;;10004;1;10005;22;;;10000.0;194.0
0;54800;AMETHYSTS;9996;2;9995;23;;;10004;2;10005;23;;;10000.0;202.0
0;54800;STARFRUIT;5039;9;5038;23;;;5045;25;;;;;5042.0;289.0859375
0;54900;AMETHYSTS;9996;2;9995;22;;;10004;2;10005;22;;;10000.0;202.0
0;54900;STARFRUIT;5038;24;;;;;5043;1;5045;24;;;5040.5;287.015625
0;55000;AMETHYSTS;9996;2;9995;20;;;10004;2;10005;20;;;10000.0;202.0
0;55000;STARFRUIT;5039;2;5038;20;;;5043;7;5045;22;;;5041.0;289.6640625
0;55100;STARFRUIT;5039;26;;;;;5045;2;5046;24;;;5042.0;293.0
0;55100;AMETHYSTS;9996;2;9995;24;;;10004;2;10005;24;;;10000.0;202.0
0;55200;AMETHYSTS;9998;8;9996;1;9995;25;10004;1;10005;25;;;10001.0;202.0
0;55200;STARFRUIT;5038;25;;;;;5045;26;;;;;5041.5;290.1875
0;55300;AMETHYSTS;9995;22;;;;;10002;5;10005;22;;;9998.5;202.0
0;55300;STARFRUIT;5039;22;;;;;5044;3;5046;22;;;5041.5;293.578125
0;55400;AMETHYSTS;9998;7;9996;1;9995;27;10004;1;10005;27;;;10001.0;202.0
0;55400;STARFRUIT;5039;6;5038;27;;;5045;28;;;;;5042.0;291.25
0;55500;STARFRUIT;5039;2;5038;22;;;5043;2;5045;24;;;5041.0;289.8125
0;55500;AMETHYSTS;9996;2;9995;22;;;10004;2;10005;22;;;10000.0;202.0
0;55600;AMETHYSTS;9995;23;;;;;10002;9;10005;23;;;9998.5;202.0
0;55600;STARFRUIT;5038;23;;;;;5045;23;;;;;5041.5;289.84375
0;55700;AMETHYSTS;9996;1;9995;21;;;10002;7;10004;1;10005;21;9999.0;202.0
0;55700;STARFRUIT;5038;22;;;;;5045;22;;;;;5041.5;286.8828125
0;55800;AMETHYSTS;9996;1;9995;25;;;10004;1;10005;25;;;10000.0;202.0
0;55800;STARFRUIT;5039;8;5038;26;;;5045;26;;;;;5042.0;288.171875
0;55900;STARFRUIT;5041;4;5038;20;;;5045;20;;;;;5043.0;286.0078125
0;55900;AMETHYSTS;9995;20;;;;;10005;20;;;;;10000.0;202.0
0;56000;AMETHYSTS;10000;2;9996;1;9995;24;10002;6;10004;1;10005;24;10001.0;202.0
0;56000;STARFRUIT;5041;2;5038;25;;;5043;7;5045;25;;;5042.0;285.9296875
0;56100;AMETHYSTS;9996;1;9995;27;;;9998;1;10002;3;10004;1;9997.0;202.0
0;56100;STARFRUIT;5038;28;;;;;5044;1;5045;27;;;5041.0;279.82421875
0;56200;AMETHYSTS;9996;1;9995;30;;;10000;4;10004;1;10005;30;9998.0;204.0
0;56200;STARFRUIT;5038;31;;;;;5041;4;5044;1;5045;30;5039.5;281.0546875
0;56300;STARFRUIT;5038;28;;;;;5045;28;;;;;5041.5;281.58203125
0;56300;AMETHYSTS;9995;28;;;;;10005;28;;;;;10000.0;204.0
0;56400;STARFRUIT;5038;29;;;;;5045;29;;;;;5041.5;281.98828125
0;56400;AMETHYSTS;9996;2;9995;27;;;10004;2;10005;27;;;10000.0;204.0
0;56500;AMETHYSTS;9995;21;;;;;10002;9;10005;21;;;9998.5;204.0
0;56500;STARFRUIT;5038;21;;;;;5045;21;;;;;5041.5;284.328125
0;56600;STARFRUIT;5038;2;5037;28;;;5043;3;5044;2;5045;28;5040.5;278.875
0;56600;AMETHYSTS;9996;2;9995;28;;;10002;2;10004;2;10005;28;9999.0;204.0
0;56700;STARFRUIT;5038;2;5037;27;;;5039;4;5044;27;;;5038.5;277.62109375
0;56700;AMETHYSTS;9998;5;9995;27;;;10005;27;;;;;10001.5;204.0
0;56800;STARFRUIT;5038;8;5037;23;;;5044;23;;;;;5041.0;274.296875
0;56800;AMETHYSTS;9995;23;;;;;10005;23;;;;;10000.0;204.0
0;56900;AMETHYSTS;9996;1;9995;20;;;10004;1;10005;20;;;10000.0;204.0
0;56900;STARFRUIT;5037;21;;;;;5044;21;;;;;5040.5;271.16015625
0;57000;STARFRUIT;5037;22;;;;;5044;22;;;;;5040.5;275.3515625
0;57000;AMETHYSTS;9996;2;9995;20;;;10002;10;10004;2;10005;20;9999.0;204.0
0;57100;STARFRUIT;5043;1;5037;24;;;5045;24;;;;;5044.0;279.2109375
0;57100;AMETHYSTS;9998;6;9995;24;;;10005;24;;;;;10001.5;204.0
0;57200;STARFRUIT;5038;1;5037;25;;;5044;26;;;;;5041.0;278.7109375
0;57200;AMETHYSTS;9998;5;9996;1;9995;25;10004;1;10005;25;;;10001.0;204.0
0;57300;AMETHYSTS;9996;1;9995;30;;;10004;1;10005;30;;;10000.0;204.0
0;57300;STARFRUIT;5038;31;;;;;5043;1;5044;1;5045;30;5040.5;283.2109375
0;57400;STARFRUIT;5038;28;;;;;5044;1;5045;27;;;5041.0;283.53125
0;57400;AMETHYSTS;9996;1;9995;27;;;10004;1;10005;27;;;10000.0;204.0
0;57500;STARFRUIT;5038;2;5037;21;;;5044;21;;;;;5041.0;280.42578125
0;57500;AMETHYSTS;9995;21;;;;;10005;21;;;;;10000.0;204.0
0;57600;STARFRUIT;5040;5;5038;2;5037;20;5044;22;;;;;5042.0;279.7421875
0;57600;AMETHYSTS;10000;4;9996;2;9995;20;10004;2;10005;20;;;10002.0;204.0
0;57700;AMETHYSTS;9998;2;9996;1;9995;21;10004;1;10005;21;;;10001.0;204.0
0;57700;STARFRUIT;5037;22;;;;;5044;22;;;;;5040.5;273.5234375
0;57800;STARFRUIT;5038;7;5037;28;;;5044;28;;;;;5041.0;276.2890625
0;57800;AMETHYSTS;9996;2;9995;26;;;10002;4;10004;2;10005;26;9999.0;204.0
0;57900;STARFRUIT;5037;2;5036;26;;;5038;5;5043;28;;;5037.5;268.390625
0;57900;AMETHYSTS;9996;2;9995;26;;;10004;2;10005;26;;;10000.0;204.0
0;58000;STARFRUIT;5037;28;;;;;5044;28;;;;;5040.5;271.828125
0;58000;AMETHYSTS;9995;28;;;;;10005;28;;;;;10000.0;204.0
0;58100;AMETHYSTS;9998;7;9995;20;;;10005;20;;;;;10001.5;204.0
0;58100;STARFRUIT;5037;20;;;;;5044;20;;;;;5040.5;274.09375
0;58200;STARFRUIT;5037;29;;;;;5043;2;5044;27;;;5040.0;270.7421875
0;58200;AMETHYSTS;9996;2;9995;27;;;10004;2;10005;27;;;10000.0;204.0
0;58300;STARFRUIT;5037;2;5036;28;;;5043;30;;;;;5040.0;267.69921875
0;58300;AMETHYSTS;9996;2;9995;28;;;10004;2;10005;28;;;10000.0;204.0
0;58400;STARFRUIT;5037;25;;;;;5044;25;;;;;5040.5;271.0234375
0;58400;AMETHYSTS;9995;25;;;;;10005;25;;;;;10000.0;204.0
0;58500;AMETHYSTS;9998;3;9996;2;9995;20;10004;2;10005;20;;;10001.0;204.0
0;58500;STARFRUIT;5038;2;5037;20;;;5042;2;5044;22;;;5040.0;278.55078125
0;58600;STARFRUIT;5038;23;;;;;5045;23;;;;;5041.5;285.23046875
0;58600;AMETHYSTS;9996;1;9995;22;;;10004;1;10005;22;;;10000.0;204.0
0;58700;AMETHYSTS;9996;1;9995;29;;;9998;1;10000;4;10004;1;9997.0;204.0
0;58700;STARFRUIT;5038;30;;;;;5041;4;5044;1;5045;29;5039.5;283.2734375
0;58800;AMETHYSTS;9996;1;9995;30;;;10004;1;10005;30;;;10000.0;206.0
0;58800;STARFRUIT;5038;1;5037;30;;;5042;5;5044;31;;;5040.0;279.375
0;58900;AMETHYSTS;9996;2;9995;23;;;10004;2;10005;23;;;10000.0;210.0
0;58900;STARFRUIT;5043;1;5037;25;;;5044;25;;;;;5043.5;276.93359375
0;59000;STARFRUIT;5038;1;5037;23;;;5044;1;5045;23;;;5041.0;284.76171875
0;59000;AMETHYSTS;9996;1;9995;23;;;10004;1;10005;23;;;10000.0;210.0
0;59100;AMETHYSTS;9998;7;9996;1;9995;20;10004;1;10005;20;;;10001.0;210.0
0;59100;STARFRUIT;5038;1;5037;20;;;5044;21;;;;;5041.0;283.984375
0;59200;AMETHYSTS;10002;1;9996;2;9995;23;10004;2;10005;23;;;10003.0;210.0
0;59200;STARFRUIT;5042;10;5038;10;5037;23;5044;25;;;;;5043.0;282.921875
0;59300;AMETHYSTS;9998;5;9995;22;;;10005;22;;;;;10001.5;212.0
0;59300;STARFRUIT;5036;22;;;;;5044;22;;;;;5040.0;295.0
0;59400;STARFRUIT;5036;23;;;;;5043;23;;;;;5039.5;295.0
0;59400;AMETHYSTS;10002;1;9995;23;;;10005;23;;;;;10003.5;212.0
0;59500;AMETHYSTS;9996;2;9995;22;;;10004;2;10005;22;;;10000.0;214.0
0;59500;STARFRUIT;5037;2;5036;22;;;5043;2;5044;22;;;5040.0;295.0
0;59600;AMETHYSTS;10002;1;9996;1;9995;24;10004;1;10005;24;;;10003.0;214.0
0;59600;STARFRUIT;5037;25;;;;;5044;25;;;;;5040.5;295.0
0;59700;AMETHYSTS;9996;1;9995;25;;;10004;1;10005;25;;;10000.0;216.0
0;59700;STARFRUIT;5044;1;5038;26;;;5045;26;;;;;5044.5;295.0
0;59800;STARFRUIT;5038;24;;;;;5045;24;;;;;5041.5;297.37939453125
0;59800;AMETHYSTS;9998;9;9996;2;9995;22;10004;2;10005;22;;;10001.0;216.0
0;59900;AMETHYSTS;9996;2;9995;23;;;10004;2;10005;23;;;10000.0;216.0
0;59900;STARFRUIT;5038;2;5037;23;;;5042;4;5044;25;;;5040.0;298.15966796875
0;60000;AMETHYSTS;9996;1;9995;25;;;9998;3;10002;10;10004;1;9997.0;216.0
0;60000;STARFRUIT;5038;5;5037;26;;;5044;26;;;;;5041.0;298.25634765625
0;60100;AMETHYSTS;9996;1;9995;27;;;10004;1;10005;27;;;10000.0;222.0
0;60100;STARFRUIT;5037;28;;;;;5044;28;;;;;5040.5;298.447265625
0;60200;STARFRUIT;5037;26;;;;;5044;26;;;;;5040.5;298.49951171875
0;60200;AMETHYSTS;9996;1;9995;25;;;10004;1;10005;25;;;10000.0;222.0
0;60300;AMETHYSTS;9998;3;9996;1;9995;23;10004;1;10005;23;;;10001.0;222.0
0;60300;STARFRUIT;5037;24;;;;;5044;24;;;;;5040.5;298.5498046875
0;60400;AMETHYSTS;9996;2;9995;22;;;9998;1;10004;2;10005;22;9997.0;222.0
0;60400;STARFRUIT;5037;24;;;;;5043;2;5044;22;;;5040.0;298.88330078125
0;60500;AMETHYSTS;9995;25;;;;;10000;2;10005;25;;;9997.5;226.0
0;60500;STARFRUIT;5037;25;;;;;5040;2;5044;25;;;5038.5;298.91015625
0;60600;STARFRUIT;5037;21;;;;;5043;1;5044;21;;;5040.0;298.78271484375
0;60600;AMETHYSTS;9996;1;9995;21;;;10004;1;10005;21;;;10000.0;226.0
0;60700;AMETHYSTS;9998;10;9995;24;;;10005;24;;;;;10001.5;234.0
0;60700;STARFRUIT;5042;9;5037;24;;;5044;24;;;;;5043.0;298.45654296875
0;60800;AMETHYSTS;9996;2;9995;26;;;10004;2;10005;26;;;10000.0;234.0
0;60800;STARFRUIT;5043;1;5037;28;;;5044;28;;;;;5043.5;298.275390625
0;60900;STARFRUIT;5043;1;5037;29;;;5044;29;;;;;5043.5;298.21630859375
0;60900;AMETHYSTS;9998;10;9995;29;;;10005;29;;;;;10001.5;234.0
0;61000;AMETHYSTS;9996;1;9995;25;;;9998;1;10004;1;10005;25;9997.0;234.0
0;61000;STARFRUIT;5037;26;;;;;5044;26;;;;;5040.5;298.27685546875
0;61100;AMETHYSTS;9996;2;9995;29;;;10004;2;10005;29;;;10000.0;236.0
0;61100;STARFRUIT;5037;31;;;;;5044;31;;;;;5040.5;298.73974609375
0;61200;AMETHYSTS;9998;1;9995;22;;;10005;22;;;;;10001.5;236.0
0;61200;STARFRUIT;5038;5;5037;22;;;5039;3;5044;22;;;5038.5;298.265625
0;61300;STARFRUIT;5036;27;;;;;5043;27;;;;;5039.5;301.5986328125
0;61300;AMETHYSTS;9995;27;;;;;10005;27;;;;;10000.0;236.0
0;61400;AMETHYSTS;9995;28;;;;;10005;28;;;;;10000.0;236.0
0;61400;STARFRUIT;5037;28;;;;;5044;28;;;;;5040.5;302.533203125
0;61500;AMETHYSTS;9998;4;9995;22;;;10005;22;;;;;10001.5;236.0
0;61500;STARFRUIT;5042;1;5037;22;;;5044;22;;;;;5043.0;302.2568359375
0;61600;AMETHYSTS;9996;1;9995;27;;;10004;1;10005;27;;;10000.0;236.0
0;61600;STARFRUIT;5037;28;;;;;5044;28;;;;;5040.5;304.58544921875
0;61700;STARFRUIT;5037;23;;;;;5044;23;;;;;5040.5;304.70703125
0;61700;AMETHYSTS;9996;2;9995;21;;;10004;2;10005;21;;;10000.0;236.0
0;61800;AMETHYSTS;9996;2;9995;24;;;10004;2;10005;24;;;10000.0;236.0
0;61800;STARFRUIT;5037;26;;;;;5038;1;5044;26;;;5037.5;304.5849609375
0;61900;AMETHYSTS;9995;28;;;;;10002;8;10005;28;;;9998.5;236.0
0;61900;STARFRUIT;5037;28;;;;;5044;28;;;;;5040.5;307.7890625
0;62000;AMETHYSTS;9995;24;;;;;10005;24;;;;;10000.0;236.0
0;62000;STARFRUIT;5037;24;;;;;5044;24;;;;;5040.5;307.0791015625
0;62100;STARFRUIT;5037;27;;;;;5043;2;5044;25;;;5040.0;306.3095703125
0;62100;AMETHYSTS;9996;2;9995;25;;;10002;3;10004;2;10005;25;9999.0;236.0
0;62200;AMETHYSTS;9998;9;9996;2;9995;22;10004;2;10005;22;;;10001.0;236.0
0;62200;STARFRUIT;5037;24;;;;;5042;1;5044;24;;;5039.5;307.24609375
0;62300;AMETHYSTS;9995;21;;;;;10005;21;;;;;10000.0;236.0
0;62300;STARFRUIT;5037;21;;;;;5044;21;;;;;5040.5;307.5712890625
0;62400;AMETHYSTS;9995;24;;;;;10005;24;;;;;10000.0;236.0
0;62400;STARFRUIT;5037;24;;;;;5044;24;;;;;5040.5;307.625
0;62500;STARFRUIT;5038;2;5037;25;;;5044;27;;;;;5041.0;307.66796875
0;62500;AMETHYSTS;9996;2;9995;25;;;10004;2;10005;25;;;10000.0;236.0
0;62600;AMETHYSTS;9998;6;9996;1;9995;21;10004;1;10005;21;;;10001.0;236.0
0;62600;STARFRUIT;5038;1;5037;21;;;5044;22;;;;;5041.0;307.724609375
0;62700;AMETHYSTS;9998;3;9995;25;;;10005;25;;;;;10001.5;236.0
0;62700;STARFRUIT;5037;25;;;;;5044;25;;;;;5040.5;306.658203125
0;62800;AMETHYSTS;9995;22;;;;;10005;22;;;;;10000.0;236.0
0;62800;STARFRUIT;5037;22;;;;;5044;22;;;;;5040.5;307.1240234375
0;62900;STARFRUIT;5037;22;;;;;5043;2;5044;20;;;5040.0;306.296875
0;62900;AMETHYSTS;10002;11;9998;3;9996;2;10004;2;10005;20;;;10003.0;236.0
0;63000;AMETHYSTS;9995;30;;;;;10005;30;;;;;10000.0;236.0
0;63000;STARFRUIT;5037;30;;;;;5044;30;;;;;5040.5;307.3525390625
0;63100;AMETHYSTS;9995;30;;;;;9998;1;10005;30;;;9996.5;236.0
0;63100;STARFRUIT;5037;30;;;;;5044;30;;;;;5040.5;307.6513671875
0;63200;AMETHYSTS;9996;1;9995;24;;;10004;1;10005;24;;;10000.0;238.0
0;63200;STARFRUIT;5038;25;;;;;5044;1;5045;24;;;5041.0;308.220703125
0;63300;STARFRUIT;5043;1;5038;30;;;5045;30;;;;;5044.0;308.58984375
0;63300;AMETHYSTS;10002;4;9995;30;;;10005;30;;;;;10003.5;238.0
0;63400;AMETHYSTS;9996;2;9995;22;;;10004;2;10005;22;;;10000.0;246.0
0;63400;STARFRUIT;5038;24;;;;;5044;2;5045;22;;;5041.0;310.03857421875
0;63500;AMETHYSTS;9995;28;;;;;10005;28;;;;;10000.0;246.0
0;63500;STARFRUIT;5038;3;5037;28;;;5044;28;;;;;5041.0;309.70556640625
0;63600;AMETHYSTS;9995;22;;;;;10005;22;;;;;10000.0;246.0
0;63600;STARFRUIT;5042;1;5037;22;;;5044;22;;;;;5043.0;309.43017578125
0;63700;STARFRUIT;5037;21;;;;;5040;5;5042;7;5044;21;5038.5;311.0
0;63700;AMETHYSTS;9995;21;;;;;10000;5;10002;7;10005;21;9997.5;246.0
0;63800;AMETHYSTS;9996;1;9995;27;;;9998;1;10004;1;10005;27;9997.0;246.0
0;63800;STARFRUIT;5036;1;5035;27;;;5042;28;;;;;5039.0;305.8203125
0;63900;AMETHYSTS;9995;22;;;;;10000;2;10005;22;;;9997.5;246.0
0;63900;STARFRUIT;5035;22;;;;;5039;2;5043;22;;;5037.0;306.11328125
0;64000;AMETHYSTS;9995;30;;;;;9998;11;10002;10;10005;30;9996.5;246.0
0;64000;STARFRUIT;5036;2;5035;30;;;5042;30;;;;;5039.0;304.220703125
0;64100;STARFRUIT;5036;28;;;;;5041;4;5042;2;5043;26;5038.5;306.62109375
0;64100;AMETHYSTS;9996;2;9995;26;;;10002;4;10004;2;10005;26;9999.0;246.0
0;64200;AMETHYSTS;9996;2;9995;25;;;10004;2;10005;25;;;10000.0;246.0
0;64200;STARFRUIT;5036;27;;;;;5043;27;;;;;5039.5;307.76953125
0;64300;AMETHYSTS;9998;4;9996;2;9995;20;10004;2;10005;20;;;10001.0;246.0
0;64300;STARFRUIT;5036;2;5035;22;;;5042;22;;;;;5039.0;304.748046875
0;64400;AMETHYSTS;9996;2;9995;27;;;10004;2;10005;27;;;10000.0;246.0
0;64400;STARFRUIT;5036;4;5035;29;;;5042;29;;;;;5039.0;304.154296875
0;64500;STARFRUIT;5036;7;5035;22;;;5042;22;;;;;5039.0;303.888671875
0;64500;AMETHYSTS;9996;2;9995;20;;;10004;2;10005;20;;;10000.0;246.0
0;64600;AMETHYSTS;9996;2;9995;27;;;10004;2;10005;27;;;10000.0;246.0
0;64600;STARFRUIT;5036;2;5035;27;;;5042;29;;;;;5039.0;305.796875
0;64700;AMETHYSTS;10002;1;9996;1;9995;28;10004;1;10005;28;;;10003.0;266.0
0;64700;STARFRUIT;5036;1;5035;28;;;5042;1;5043;28;;;5039.0;306.001953125
0;64800;AMETHYSTS;9996;1;9995;20;;;10004;1;10005;20;;;10000.0;268.0
0;64800;STARFRUIT;5036;20;;;;;5042;1;5043;20;;;5039.0;306.935546875
0;64900;STARFRUIT;5036;2;5035;30;;;5042;32;;;;;5039.0;305.3046875
0;64900;AMETHYSTS;9996;2;9995;30;;;9998;4;10002;10;10004;2;9997.0;268.0
0;65000;AMETHYSTS;9996;1;9995;26;;;10002;5;10004;1;10005;26;9999.0;276.0
0;65000;STARFRUIT;5041;1;5036;27;;;5042;1;5043;26;;;5041.5;306.333984375
0;65100;AMETHYSTS;9998;10;9996;1;9995;25;10004;1;10005;25;;;10001.0;276.0
0;65100;STARFRUIT;5036;1;5035;25;;;5042;26;;;;;5039.0;307.591796875
0;65200;AMETHYSTS;9996;1;9995;28;;;10002;6;10004;1;10005;28;9999.0;276.0
0;65200;STARFRUIT;5037;2;5036;29;;;5042;1;5043;28;;;5039.5;308.888671875
0;65300;STARFRUIT;5036;29;;;;;5041;1;5043;29;;;5038.5;308.6875
0;65300;AMETHYSTS;9995;29;;;;;10002;9;10005;29;;;9998.5;276.0
0;65400;STARFRUIT;5035;21;;;;;5037;2;5042;21;;;5036.0;306.83984375
0;65400;AMETHYSTS;9998;10;9995;21;;;10005;21;;;;;10001.5;276.0
0;65500;AMETHYSTS;9995;20;;;;;10005;20;;;;;10000.0;276.0
0;65500;STARFRUIT;5035;20;;;;;5042;20;;;;;5038.5;309.4453125
0;65600;STARFRUIT;5036;6;5035;20;;;5042;20;;;;;5039.0;309.80078125
0;65600;AMETHYSTS;9998;3;9995;20;;;10005;20;;;;;10001.5;276.0
0;65700;STARFRUIT;5035;24;;;;;5036;1;5043;24;;;5035.5;312.099609375
0;65700;AMETHYSTS;9995;24;;;;;10005;24;;;;;10000.0;276.0
0;65800;STARFRUIT;5037;1;5036;30;;;5043;30;;;;;5040.0;317.45703125
0;65800;AMETHYSTS;10002;4;9995;30;;;10005;30;;;;;10003.5;276.0
0;65900;AMETHYSTS;9996;2;9995;24;;;10004;2;10005;24;;;10000.0;284.0
0;65900;STARFRUIT;5037;2;5036;24;;;5043;26;;;;;5040.0;318.85546875
0;66000;STARFRUIT;5037;7;5036;24;;;5043;25;;;;;5040.0;318.6484375
0;66000;AMETHYSTS;9996;1;9995;24;;;10004;1;10005;24;;;10000.0;284.0
0;66100;STARFRUIT;5042;1;5037;25;;;5043;2;5044;23;;;5042.5;320.06640625
0;66100;AMETHYSTS;9996;2;9995;23;;;10004;2;10005;23;;;10000.0;284.0
0;66200;STARFRUIT;5041;5;5037;23;;;5043;1;5044;22;;;5042.0;323.677734375
0;66200;AMETHYSTS;10002;1;9996;1;9995;22;10004;1;10005;22;;;10003.0;284.0
0;66300;AMETHYSTS;10000;3;9995;20;;;10002;5;10005;20;;;10001.0;286.0
0;66300;STARFRUIT;5040;3;5037;20;;;5044;20;;;;;5042.0;316.0390625
0;66400;STARFRUIT;5037;2;5036;24;;;5043;26;;;;;5040.0;310.4375
0;66400;AMETHYSTS;9996;2;9995;24;;;10004;2;10005;24;;;10000.0;276.0
0;66500;STARFRUIT;5042;1;5037;31;;;5043;1;5044;30;;;5042.5;312.234375
0;66500;AMETHYSTS;9996;1;9995;30;;;10004;1;10005;30;;;10000.0;276.0
0;66600;STARFRUIT;5037;31;;;;;5044;31;;;;;5040.5;318.6171875
0;66600;AMETHYSTS;10002;3;9998;1;9996;2;10004;2;10005;29;;;10003.0;276.0
0;66700;AMETHYSTS;9996;1;9995;25;;;10004;1;10005;25;;;10000.0;282.0
0;66700;STARFRUIT;5038;5;5037;26;;;5044;26;;;;;5041.0;321.015625
0;66800;STARFRUIT;5038;1;5037;25;;;5044;26;;;;;5041.0;326.4921875
0;66800;AMETHYSTS;9996;1;9995;25;;;10004;1;10005;25;;;10000.0;282.0
0;66900;STARFRUIT;5037;3;5036;20;;;5043;20;;;;;5040.0;312.859375
0;66900;AMETHYSTS;9995;20;;;;;10005;20;;;;;10000.0;282.0
0;67000;STARFRUIT;5036;24;;;;;5042;2;5043;22;;;5039.0;302.9609375
0;67000;AMETHYSTS;9998;1;9996;2;9995;22;10004;2;10005;22;;;10001.0;282.0
0;67100;AMETHYSTS;9996;1;9995;25;;;10004;1;10005;25;;;10000.0;282.0
0;67100;STARFRUIT;5036;26;;;;;5043;26;;;;;5039.5;308.5234375
0;67200;STARFRUIT;5036;23;;;;;5041;6;5043;23;;;5038.5;308.1875
0;67200;AMETHYSTS;9995;23;;;;;10005;23;;;;;10000.0;282.0
0;67300;STARFRUIT;5038;1;5037;22;;;5043;1;5044;21;;;5040.5;318.03125
0;67300;AMETHYSTS;9996;1;9995;21;;;10004;1;10005;21;;;10000.0;282.0
0;67400;STARFRUIT;5038;8;5037;29;;;5044;29;;;;;5041.0;318.3125
0;67400;AMETHYSTS;9996;1;9995;28;;;10004;1;10005;28;;;10000.0;282.0
0;67500;AMETHYSTS;9995;22;;;;;10005;22;;;;;10000.0;290.0
0;67500;STARFRUIT;5037;22;;;;;5044;22;;;;;5040.5;326.5078125
0;67600;STARFRUIT;5038;1;5037;25;;;5044;26;;;;;5041.0;327.0859375
0;67600;AMETHYSTS;9996;1;9995;25;;;10004;1;10005;25;;;10000.0;290.0
0;67700;AMETHYSTS;9996;2;9995;21;;;10000;3;10004;2;10005;21;9998.0;290.0
0;67700;STARFRUIT;5037;23;;;;;5040;3;5044;23;;;5038.5;321.46875
0;67800;AMETHYSTS;9996;2;9995;30;;;10004;2;10005;30;;;10000.0;290.0
0;67800;STARFRUIT;5038;6;5037;32;;;5044;32;;;;;5041.0;321.203125
0;67900;AMETHYSTS;9995;26;;;;;10005;26;;;;;10000.0;302.0
0;67900;STARFRUIT;5036;26;;;;;5043;26;;;;;5039.5;312.5546875
0;68000;STARFRUIT;5042;1;5036;25;;;5043;25;;;;;5042.5;311.0703125
0;68000;AMETHYSTS;9995;25;;;;;10002;5;10005;25;;;9998.5;302.0
0;68100;AMETHYSTS;9996;1;9995;26;;;10002;8;10004;1;10005;26;9999.0;302.0
0;68100;STARFRUIT;5037;7;5036;27;;;5042;1;5043;26;;;5039.5;306.48828125
0;68200;AMETHYSTS;9996;1;9995;23;;;9998;1;10004;1;10005;23;9997.0;302.0
0;68200;STARFRUIT;5036;1;5035;23;;;5042;24;;;;;5039.0;295.359375
0;68300;AMETHYSTS;9996;1;9995;25;;;10002;4;10004;1;10005;25;9999.0;304.0
0;68300;STARFRUIT;5035;1;5034;25;;;5041;26;;;;;5038.0;280.59375
0;68400;STARFRUIT;5034;31;;;;;5041;31;;;;;5037.5;277.84375
0;68400;AMETHYSTS;10002;1;9996;1;9995;30;10004;1;10005;30;;;10003.0;304.0
0;68500;AMETHYSTS;9996;1;9995;22;;;10004;1;10005;22;;;10000.0;306.0
0;68500;STARFRUIT;5035;1;5034;22;;;5039;5;5041;23;;;5037.0;282.609375
0;68600;AMETHYSTS;9995;27;;;;;9998;1;10005;27;;;9996.5;306.0
0;68600;STARFRUIT;5034;27;;;;;5042;27;;;;;5038.0;282.953125
0;68700;AMETHYSTS;9998;10;9996;2;9995;20;10004;2;10005;20;;;10001.0;308.0
0;68700;STARFRUIT;5035;22;;;;;5041;2;5042;20;;;5038.0;284.15625
0;68800;STARFRUIT;5035;1;5034;30;;;5037;6;5041;1;5042;30;5036.0;282.859375
0;68800;AMETHYSTS;9996;1;9995;30;;;10000;6;10002;1;10004;1;9998.0;288.0
0;68900;AMETHYSTS;9998;3;9996;2;9995;23;10004;2;10005;23;;;10001.0;288.0
0;68900;STARFRUIT;5035;25;;;;;5041;2;5042;23;;;5038.0;285.171875
0;69000;AMETHYSTS;9996;1;9995;27;;;10004;1;10005;27;;;10000.0;288.0
0;69000;STARFRUIT;5035;28;;;;;5041;1;5042;27;;;5038.0;284.0
0;69100;AMETHYSTS;9996;1;9995;25;;;10004;1;10005;25;;;10000.0;288.0
0;69100;STARFRUIT;5036;1;5035;26;;;5041;1;5042;25;;;5038.5;283.65625
0;69200;STARFRUIT;5035;21;;;;;5042;21;;;;;5038.5;286.796875
0;69200;AMETHYSTS;9996;1;9995;20;;;10002;8;10004;1;10005;20;9999.0;288.0
0;69300;AMETHYSTS;9996;1;9995;23;;;10004;1;10005;23;;;10000.0;288.0
0;69300;STARFRUIT;5035;1;5034;23;;;5041;24;;;;;5038.0;280.3515625
0;69400;AMETHYSTS;9995;22;;;;;10005;22;;;;;10000.0;288.0
0;69400;STARFRUIT;5035;4;5034;22;;;5041;22;;;;;5038.0;270.3828125
0;69500;AMETHYSTS;9996;1;9995;30;;;10002;8;10004;1;10005;30;9999.0;288.0
0;69500;STARFRUIT;5034;2;5033;31;;;5039;1;5040;30;;;5036.5;255.8359375
0;69600;STARFRUIT;5033;27;;;;;5040;27;;;;;5036.5;260.7578125
0;69600;AMETHYSTS;9996;2;9995;25;;;10004;2;10005;25;;;10000.0;288.0
0;69700;AMETHYSTS;10002;1;9996;2;9995;24;10004;2;10005;24;;;10003.0;288.0
0;69700;STARFRUIT;5033;26;;;;;5040;26;;;;;5036.5;259.921875
0;69800;AMETHYSTS;9996;1;9995;22;;;10004;1;10005;22;;;10000.0;290.0
0;69800;STARFRUIT;5034;22;;;;;5040;1;5041;22;;;5037.0;269.3203125
0;69900;STARFRUIT;5034;26;;;;;5040;2;5041;24;;;5037.0;268.9609375
0;69900;AMETHYSTS;10002;1;9998;10;9996;2;10004;2;10005;24;;;10003.0;290.0
0;70000;AMETHYSTS;9996;2;9995;28;;;10004;2;10005;28;;;10000.0;292.0
0;70000;STARFRUIT;5034;2;5033;28;;;5040;2;5041;28;;;5037.0;268.140625
0;70100;AMETHYSTS;10002;1;9995;27;;;10005;27;;;;;10003.5;292.0
0;70100;STARFRUIT;5033;27;;;;;5034;1;5040;27;;;5033.5;262.9296875
0;70200;AMETHYSTS;9996;2;9995;28;;;10004;2;10005;28;;;10000.0;294.0
0;70200;STARFRUIT;5033;30;;;;;5040;30;;;;;5036.5;267.03125
0;70300;STARFRUIT;5034;5;5033;24;;;5040;25;;;;;5037.0;267.8828125
0;70300;AMETHYSTS;9998;10;9996;1;9995;24;10004;1;10005;24;;;10001.0;294.0
0;70400;AMETHYSTS;10002;13;9996;2;9995;29;10004;2;10005;29;;;10003.0;294.0
0;70400;STARFRUIT;5034;31;;;;;5041;31;;;;;5037.5;276.0703125
0;70500;AMETHYSTS;10002;1;9995;21;;;10005;21;;;;;10003.5;294.0
0;70500;STARFRUIT;5034;21;;;;;5035;3;5041;21;;;5034.5;275.3984375
0;70600;AMETHYSTS;10002;1;10000;3;9996;1;10004;1;10005;22;;;10003.0;294.0
0;70600;STARFRUIT;5036;2;5034;1;5033;22;5040;1;5041;22;;;5038.0;270.765625
0;70700;STARFRUIT;5033;27;;;;;5040;27;;;;;5036.5;263.28125
0;70700;AMETHYSTS;9995;27;;;;;10005;27;;;;;10000.0;294.0
0;70800;AMETHYSTS;9996;2;9995;20;;;9998;5;10002;8;10004;2;9997.0;294.0
0;70800;STARFRUIT;5033;22;;;;;5040;22;;;;;5036.5;259.4140625
0;70900;AMETHYSTS;9995;21;;;;;10005;21;;;;;10000.0;304.0
0;70900;STARFRUIT;5033;21;;;;;5034;1;5040;21;;;5033.5;262.9609375
0;71000;AMETHYSTS;9996;2;9995;28;;;9998;3;10004;2;10005;28;9997.0;304.0
0;71000;STARFRUIT;5034;2;5033;28;;;5038;1;5040;30;;;5036.0;269.7734375
0;71100;STARFRUIT;5035;6;5034;30;;;5041;30;;;;;5038.0;270.2421875
0;71100;AMETHYSTS;9998;4;9995;30;;;10005;30;;;;;10001.5;304.0
0;71200;AMETHYSTS;9996;1;9995;27;;;9998;1;10004;1;10005;27;9997.0;296.0
0;71200;STARFRUIT;5035;1;5034;27;;;5041;28;;;;;5038.0;276.9609375
0;71300;AMETHYSTS;9996;2;9995;28;;;10004;2;10005;28;;;10000.0;298.0
0;71300;STARFRUIT;5035;2;5034;28;;;5040;8;5041;2;5042;28;5037.5;278.91796875
0;71400;AMETHYSTS;10002;2;9996;2;9995;25;10004;2;10005;25;;;10003.0;298.0
0;71400;STARFRUIT;5036;2;5035;25;;;5040;6;5042;27;;;5038.0;289.7421875
0;71500;STARFRUIT;5035;26;;;;;5040;5;5042;26;;;5037.5;288.56640625
0;71500;AMETHYSTS;9995;26;;;;;10005;26;;;;;10000.0;302.0
0;71600;AMETHYSTS;9998;7;9996;2;9995;29;10004;2;10005;29;;;10001.0;302.0
0;71600;STARFRUIT;5035;31;;;;;5042;31;;;;;5038.5;288.91015625
0;71700;AMETHYSTS;9996;1;9995;25;;;9998;1;10004;1;10005;25;9997.0;302.0
0;71700;STARFRUIT;5035;26;;;;;5042;26;;;;;5038.5;288.05078125
0;71800;AMETHYSTS;9995;22;;;;;9998;1;10005;22;;;9996.5;306.0
0;71800;STARFRUIT;5035;22;;;;;5042;22;;;;;5038.5;290.09375
0;71900;STARFRUIT;5036;30;;;;;5043;30;;;;;5039.5;297.578125
0;71900;AMETHYSTS;9996;2;9995;28;;;10004;2;10005;28;;;10000.0;306.0
0;72000;AMETHYSTS;9998;2;9996;1;9995;23;10004;1;10005;23;;;10001.0;306.0
0;72000;STARFRUIT;5036;24;;;;;5043;24;;;;;5039.5;297.50390625
0;72100;AMETHYSTS;9996;2;9995;24;;;9998;1;10004;2;10005;24;9997.0;306.0
0;72100;STARFRUIT;5035;26;;;;;5042;26;;;;;5038.5;288.62890625
0;72200;AMETHYSTS;9995;25;;;;;9998;1;10005;25;;;9996.5;308.0
0;72200;STARFRUIT;5035;25;;;;;5042;25;;;;;5038.5;286.546875
0;72300;STARFRUIT;5036;1;5035;22;;;5040;3;5042;23;;;5038.0;289.53125
0;72300;AMETHYSTS;9996;1;9995;22;;;10004;1;10005;22;;;10000.0;308.0
0;72400;AMETHYSTS;9995;25;;;;;10005;25;;;;;10000.0;308.0
0;72400;STARFRUIT;5036;25;;;;;5043;25;;;;;5039.5;298.625
0;72500;AMETHYSTS;10000;4;9996;2;9995;20;10004;2;10005;20;;;10002.0;308.0
0;72500;STARFRUIT;5039;4;5037;2;5036;20;5043;22;;;;;5041.0;303.5703125
0;72600;AMETHYSTS;9998;8;9995;28;;;10005;28;;;;;10001.5;308.0
0;72600;STARFRUIT;5036;28;;;;;5043;28;;;;;5039.5;302.9375
0;72700;STARFRUIT;5036;28;;;;;5043;28;;;;;5039.5;294.984375
0;72700;AMETHYSTS;9995;28;;;;;10005;28;;;;;10000.0;308.0
0;72800;AMETHYSTS;9996;2;9995;27;;;10004;2;10005;27;;;10000.0;308.0
0;72800;STARFRUIT;5036;29;;;;;5037;8;5043;29;;;5036.5;298.13671875
0;72900;AMETHYSTS;9996;1;9995;22;;;10002;4;10004;1;10005;22;9999.0;308.0
0;72900;STARFRUIT;5037;2;5036;23;;;5043;23;;;;;5040.0;296.5
0;73000;AMETHYSTS;9995;21;;;;;10005;21;;;;;10000.0;308.0
0;73000;STARFRUIT;5036;21;;;;;5041;8;5043;21;;;5038.5;297.76953125
0;73100;STARFRUIT;5037;28;;;;;5042;3;5043;1;5044;27;5039.5;300.5859375
0;73100;AMETHYSTS;9996;1;9995;27;;;10002;7;10004;1;10005;27;9999.0;308.0
0;73200;AMETHYSTS;9996;1;9995;23;;;10002;7;10004;1;10005;23;9999.0;308.0
0;73200;STARFRUIT;5037;24;;;;;5044;24;;;;;5040.5;304.23828125
0;73300;AMETHYSTS;9996;2;9995;23;;;10004;2;10005;23;;;10000.0;308.0
0;73300;STARFRUIT;5037;25;;;;;5044;25;;;;;5040.5;307.4375
0;73400;AMETHYSTS;9995;30;;;;;10002;6;10005;30;;;9998.5;308.0
0;73400;STARFRUIT;5038;30;;;;;5045;30;;;;;5041.5;310.80078125
0;73500;STARFRUIT;5038;25;;;;;5044;1;5045;24;;;5041.0;312.10546875
0;73500;AMETHYSTS;9998;6;9996;1;9995;24;10004;1;10005;24;;;10001.0;308.0
0;73600;AMETHYSTS;9995;30;;;;;9998;1;10005;30;;;9996.5;308.0
0;73600;STARFRUIT;5038;30;;;;;5045;30;;;;;5041.5;313.15625
0;73700;AMETHYSTS;10002;4;9995;25;;;10005;25;;;;;10003.5;312.0
0;73700;STARFRUIT;5038;25;;;;;5045;25;;;;;5041.5;313.35546875
0;73800;AMETHYSTS;9998;1;9996;1;9995;21;10004;1;10005;21;;;10001.0;320.0
0;73800;STARFRUIT;5038;22;;;;;5045;22;;;;;5041.5;315.4765625
0;73900;STARFRUIT;5038;27;;;;;5046;27;;;;;5042.0;321.0390625
0;73900;AMETHYSTS;9995;27;;;;;10005;27;;;;;10000.0;320.0
0;74000;AMETHYSTS;10000;5;9996;2;9995;27;10004;2;10005;27;;;10002.0;320.0
0;74000;STARFRUIT;5041;6;5039;7;5038;29;5045;29;;;;;5043.0;317.24609375
0;74100;AMETHYSTS;9998;5;9996;1;9995;23;10004;1;10005;23;;;10001.0;320.0
0;74100;STARFRUIT;5042;3;5038;24;;;5045;24;;;;;5043.5;315.30078125
0;74200;STARFRUIT;5038;31;;;;;5043;7;5045;31;;;5040.5;314.140625
0;74200;AMETHYSTS;9996;1;9995;30;;;10002;1;10004;1;10005;30;9999.0;320.0
0;74300;STARFRUIT;5039;1;5038;26;;;5043;3;5045;27;;;5041.0;319.80078125
0;74300;AMETHYSTS;9998;6;9996;1;9995;26;10004;1;10005;26;;;10001.0;322.0
0;74400;STARFRUIT;5039;23;;;;;5046;23;;;;;5042.5;326.328125
0;74400;AMETHYSTS;9996;2;9995;21;;;10004;2;10005;21;;;10000.0;322.0
0;74500;AMETHYSTS;9996;2;9995;24;;;10004;2;10005;24;;;10000.0;322.0
0;74500;STARFRUIT;5044;1;5043;3;5039;26;5046;26;;;;;5045.0;324.640625
0;74600;STARFRUIT;5040;1;5039;29;;;5046;29;;;;;5043.0;325.359375
0;74600;AMETHYSTS;9996;2;9995;27;;;9998;2;10004;2;10005;27;9997.0;322.0
0;74700;STARFRUIT;5039;27;;;;;5046;27;;;;;5042.5;326.1640625
0;74700;AMETHYSTS;9996;1;9995;26;;;10004;1;10005;26;;;10000.0;326.0
0;74800;STARFRUIT;5039;3;5038;24;;;5045;26;;;;;5042.0;322.6875
0;74800;AMETHYSTS;9996;2;9995;24;;;10004;2;10005;24;;;10000.0;326.0
0;74900;AMETHYSTS;9996;1;9995;27;;;10004;1;10005;27;;;10000.0;326.0
0;74900;STARFRUIT;5039;1;5038;27;;;5045;1;5046;27;;;5042.0;322.76953125
0;75000;STARFRUIT;5039;1;5038;21;;;5045;22;;;;;5042.0;322.05859375
0;75000;AMETHYSTS;9996;1;9995;21;;;9998;4;10004;1;10005;21;9997.0;326.0
0;75100;STARFRUIT;5039;2;5038;26;;;5045;2;5046;26;;;5042.0;322.8984375
0;75100;AMETHYSTS;9996;2;9995;26;;;10002;8;10004;2;10005;26;9999.0;336.0
0;75200;STARFRUIT;5040;7;5039;31;;;5046;31;;;;;5043.0;326.08984375
0;75200;AMETHYSTS;9996;1;9995;30;;;10004;1;10005;30;;;10000.0;336.0
0;75300;AMETHYSTS;9998;7;9996;1;9995;26;10004;1;10005;26;;;10001.0;336.0
0;75300;STARFRUIT;5040;27;;;;;5046;1;5047;26;;;5043.0;333.703125
0;75400;STARFRUIT;5039;25;;;;;5046;25;;;;;5042.5;326.49609375
0;75400;AMETHYSTS;9995;25;;;;;10005;25;;;;;10000.0;336.0
0;75500;STARFRUIT;5039;23;;;;;5046;23;;;;;5042.5;327.9453125
0;75500;AMETHYSTS;9996;1;9995;22;;;10004;1;10005;22;;;10000.0;336.0
0;75600;STARFRUIT;5039;2;5038;23;;;5045;2;5046;23;;;5042.0;323.1171875
0;75600;AMETHYSTS;9996;2;9995;23;;;9998;9;10004;2;10005;23;9997.0;340.0
0;75700;AMETHYSTS;9996;2;9995;25;;;10004;2;10005;25;;;10000.0;340.0
0;75700;STARFRUIT;5044;1;5039;27;;;5046;27;;;;;5045.0;326.0078125
0;75800;STARFRUIT;5045;1;5040;1;5039;28;5046;28;;;;;5045.5;331.6484375
0;75800;AMETHYSTS;9996;2;9995;26;;;10002;3;10004;2;10005;26;9999.0;340.0
0;75900;STARFRUIT;5039;24;;;;;5044;3;5045;2;5046;22;5041.5;328.8125
0;75900;AMETHYSTS;9996;2;9995;22;;;10004;2;10005;22;;;10000.0;340.0
0;76000;STARFRUIT;5039;3;5038;31;;;5045;31;;;;;5042.0;299.65625
